3668 5700
378 453 418 516 ³8
654 465 1324 514 onscmrronvuumnamoonmrs

377 635 396 670 a
412 613 530 686 trauit,
553 611 619 674 elsi
642 628 713 673 non
738 611 813 672 sine
842 628 967 687 magno
993 609 1147 691 undique
1165 612 1398 673 studiosorum
1413 612 1601 680 conuentu,

378 745 395 777 ι
412 720 654 802 quosemultis
666 717 810 780 urbibus
825 718 890 780 sibi
906 719 1059 780 solitario
1067 717 1257 797 discipulos
1269 717 1444 779 doetrinae
1457 717 1605 778 celebris

378 851 396 886 ι
411 827 503 890 lama
511 831 741 902 contraxerat,
753 827 828 887 sine
839 827 959 906 requie
974 831 1089 888 tamen
1102 829 1228 905 optata.
1244 842 1348 906 quam
1361 824 1427 886 sibi
1440 823 1605 887 radicitus

378 959 395 991 ι
412 940 516 997 tenax
551 935 643 996 liuor
675 933 862 1013 odiumque
890 933 1194 995 conurrlserant¹.=
1226 933 1457 1012 ospiosiorem
1490 936 1605 992 autem

376 1043 545 1116 notitiam,
570 1043 701 1102 utiam
725 1059 768 1101 ex
796 1039 947 1102 rubricis
971 1041 1200 1120 suspicamur,
1224 1039 1334 1100 codex
1353 1045 1471 1101 noster
1493 1037 1601 1101 affert

377 1149 497 1212 Solitis
520 1149 630 1227 siguis
653 1149 689 1209 in
717 1149 870 1225 margine
893 1150 1060 1227 appositis
1087 1148 1164 1209 loca
1189 1147 1414 1226 epistularum
1442 1145 1606 1208 notabilia

376 1257 579 1337 saepissime
601 1255 824 1319 indicantur².
849 1256 990 1318 Accedit
1010 1259 1136 1334 exigua
1150 1275 1168 1313 a
1180 1273 1329 1317 manus·
1344 1255 1429 1317 satis
1441 1255 1603 1336 frequens

376 1365 578 1455 calamoque
592 1362 779 1436 delineata;
799 1380 998 1443 quanquam
1016 1367 1133 1424 aulem
1151 1379 1333 1424 ‹manus›
1354 1363 1448 1424 illius
1461 1362 1604 1423 formam

375 1471 490 1547 refert,
507 1472 624 1552 quain
639 1471 815 1532 nonnullis
828 1469 1007 1531 codicibus
1019 1488 1105 1532 usus
1119 1475 1173 1532 est
1186 1475 1298 1550 poeta
1315 1469 1477 1531 indicium
1491 1475 1604 1532 tamen

376 1579 420 1642 ab
435 1596 581 1642 assensu
597 1583 693 1640 certo
708 1580 934 1639 sustinemus
952 1577 1090 1639 Scholia
1112 1579 1300 1656 complura,
1312 1577 1353 1639 de
1368 1577 1496 1658 quibus
1511 1577 1607 1639 nulla

376 1685 544 1749 dubitatio
579 1685 779 1762 admittitur,
810 1686 990 1764 potissime
1015 1683 1191 1746 declarant
1219 1686 1340 1764 quanti
1365 1684 1607 1748 celeberrimas

377 1794 544 1876 epistolas
558 1791 679 1854 lecerit
692 1795 727 1852 et
741 1809 811 1871 qna
826 1791 1036 1868 benignitate
1047 1791 1179 1875 legerit.
1196 1793 1364 1872 Excerpla
1378 1809 1459 1868 ergo
1472 1791 1548 1854 loca
1561 1809 1604 1854 ex

375 1901 524 1964 editione
550 1900 759 1961 Cousiniana
782 1897 963 1961 referimus
985 1901 1023 1959 in
1050 1903 1242 1978 conspectu
1267 1899 1537 1975 adnotationum,
1566 1902 1605 1960 ut

376 2009 522 2086 legentis
538 2007 709 2068 Francisoi
723 2007 871 2083 uestigia
883 2006 1019 2067 facilius
1035 2011 1151 2068 tenere
1165 2006 1280 2086 possis
1295 2025 1303 2066 :

523 2273 633 2327 EPIST.
651 2276 673 2336 1,
692 2275 799 2326 PETRI
815 2274 866 2324 AD
883 2273 1037 2324 fflCVH.

377 2455 419 2518 (F.
440 2453 482 2513 9’;
509 2456 532 2502 t.
548 2454 571 2512 1,
593 2464 622 2516 p.
641 2453 691 2509 25).
713 2453 774 2514 Ego
794 2451 896 2513 itaque
919 2447 958 2500 ad
985 2447 1180 2499 solitudinem

408 2549 576 2615 quamdam,
594 2550 627 2599 in
643 2548 783 2600 trecensi
796 2559 881 2611 pago,
896 2546 1069 2598 mibiantea
1077 2545 1181 2610 cogni·
1231 2541 1408 2606 Solitudo².

408 2653 470 2700 tam
486 2660 534 2699 me
550 2645 670 2698 contuli.

376 2746 418 2810 (F.
433 2747 475 2807 9’;
491 2759 519 2810 p.
531 2746 581 2802 261.
597 2743 654 2797 Sed
664 2744 765 2807 etipse
779 2743 872 2804 Plato,
883 2755 952 2794 cnm
965 2743 1051 2794 dines
1068 2747 1178 2795 esset..
1232 2733 1343 2793 Proto.

377 2844 417 2906 (lt.
432 2845 477 2906 11;
502 2855 531 2907 p.
550 2845 601 2906 19).
625 2842 716 2905 Saepe
740 2842 772 2892 in
798 2842 981 2892 orationibus
1005 2842 1081 2892 meis
1105 2841 1180 2892 illud

408 2940 598 2993 reuoluebam
621 2955 628 2988 :
656 2943 681 2990 a
704 2938 816 2989 finibus
832 2944 928 2990 terrae
946 2938 983 2990 ad
998 2944 1027 2991 te
1043 2939 1178 2996 clamant,
1232 2927 1437 3000 Efficaciler
1449 2926 1482 2986 el
1494 2921 1574 2999 pie‘.

405 3038 480 3090 dum
493 3039 667 3090 anxiaretur
680 3050 730 3088 eor
743 3049 852 3089 meum.

378 3137 419 3202 (F.
435 3139 478 3200 123
493 3150 521 3202 p.
539 3138 589 3200 32).
609 3135 697 3187 ...eis
711 3135 865 3187 eunuchos
879 3136 1070 3187 adhibeant...
1234 3132 1403 3192 Ewmcbi.

442 3234 498 3288 Sed
514 3233 592 3300 quod
616 3239 687 3286 tune
708 3234 784 3285 torte
806 3233 907 3285 minus
927 3234 1036 3299 pertuli
1059 3246 1098 3285 ex
1116 3233 1180 3285 uul-

407 3344 488 3391 nere,
513 3345 594 3383 nunc
617 3344 654 3383 cx
674 3331 857 3384 detractione
876 3331 991 3382 diutius
1013 3331 1136 3396 plector,
1150 3337 1182 3383 et
1236 3342 1410 3418 promes,

409 3427 476 3494 plus
498 3442 535 3481 ex
557 3428 736 3482 detrimento
762 3429 858 3481 famae
883 3442 973 3493 quam
997 3443 1034 3482 ex
1051 3431 1180 3496 eorporis

409 3529 521 3580 crucior
534 3527 745 3580 diminutione.

378 3627 476 3692 (r.13;
494 3638 523 3690 p.
537 3627 587 3688 35).
607 3626 730 3678 ...torte
748 3639 796 3676 me
810 3624 858 3678 die
872 3627 1012 3691 quadam,
1026 3628 1064 3682 de
1077 3633 1181 3682 nostra
1233 3642 1279 3702 Et
1291 3655 1347 3702 mg
1359 3637 1483 3701 metet,

409 3719 528 3786 lapsum
540 3722 720 3785 equitatura,
734 3732 843 3772 manus
859 3721 977 3773 Domini
988 3723 1181 3777 uehementer

409 3816 525 3880 collisit,
537 3818 606 3871 colli
616 3817 754 3879 uidelicet
766 3817 825 3870 mei
834 3819 970 3872 canalem
980 3821 1179 3888 conbingens.

410 4053 433 4104 1.
456 4053 506 4105 Vit.
519 4052 573 4105 Sol.
589 4053 619 4113 11,
635 4052 658 4113 ’1,
673 4053 685 4100 1
701 4052 760 4118 (Op.
776 4053 841 4119 218).

410 4141 433 4193 2.
448 4141 475 4190 F.
490 4141 515 4204 3,
528 4142 645 4191 Petraroa
656 4143 777 4205 egregiam
792 4143 969 4192 correctionem
983 4143 1080 4193 litterae
1093 4142 1187 4192 codicis
1198 4143 1300 4193 adhibet
1313 4143 1365 4209 (epi
1378 4156 1424 4206 pro
1437 4142 1482 4206 ei).

410 4234 434 4284 3.
449 4231 479 4281 V.
495 4230 576 4281 locum
590 4246 621 4281 ex
640 4231 689 4282 Vir.
705 4231 753 4284 sol.
768 4233 793 4281 iu
808 4246 921 4282 sermone
933 4238 1017 4283 nostro
1031 4248 1107 4296 supra
1119 4233 1226 4285 allatum.

411 4321 435 4374 1,
450 4321 540 4371 Ultima
561 4321 634 4371 buius
655 4321 755 4384 capituli
778 4321 863 4387 (1,13)
885 4324 970 4382 uerba,
992 4323 1082 4386 quibus
1101 4323 1132 4372 de
1151 4323 1257 4386 Heloyso
1279 4323 1368 4386 agitur,
1392 4321 1511 4386 singulari
1534 4320 1604 4384 signo

380 4411 526 4460 Francisous
539 4415 615 4464 notat.

410 4499 659 4563 5.1nhoccapitulo
682 4499 711 4564 (l,
732 4501 771 4564 14)
790 4501 935 4552 nominas.
956 4501 1113 4565 Hieronymi,
1131 4500 1245 4564 Origenis
1262 4505 1286 4550 et
1303 4499 1330 4550 S.
1342 4499 1482 4564 augustini,
1496 4513 1510 4548 a
1525 4498 1605 4562 scrip·

380 4593 433 4638 tore
447 4589 531 4650 relata,
547 4589 694 4638 Franciscus
707 4589 730 4637 in
746 4589 879 4652 marginem
895 4589 979 4638 trahit.

410 4676 434 4729 6.
451 4677 579 4741 Significat
598 4677 662 4726 diem
677 4677 708 4726 23
724 4677 839 4726 februarii
854 4676 924 4737 1315,
949 4691 997 4741 quo
1012 4677 1067 4740 ipse
1080 4679 1191 4729 Parmam
1206 4680 1304 4745 lugiens
1322 4694 1384 4744 equo
1402 4679 1531 4730 decidente
1544 4692 1604 4742 pro·

380 4766 563 4829 lapsoscecidit
577 4767 717 4830 (Korenro,
731 4781 758 4830 p.
773 4767 840 4833 215).
