3668 5700
347 521 385 586 34
614 538 657 583 Du
680 535 885 582 semprouvm
907 535 1000 582 utimr
1023 533 1102 580 AEVI
1123 533 1291 580 oonlolssvs

345 680 610 757 credimus,eius
621 680 818 743 testimonia
832 678 1057 756 collegimus¹.
1075 679 1194 760 Neque
1213 677 1313 755 igitur
1331 680 1571 754 argumentum

344 789 410 850 iam
442 791 623 851 tractatum
653 804 842 868 recoquam.
867 785 972 848 Nobis
998 788 1132 848 constat
1155 785 1307 861 uulgaris
1333 783 1481 860 linguae,
1508 801 1568 846 seu

344 896 496 974 gallicae,
515 913 576 958 seu
594 894 740 968 italicae,
758 911 818 956 seu
842 897 879 955 ut
903 893 999 954 aiunt
1018 891 1243 972 aquitanicae,
1262 893 1468 971 scriptorum
1482 909 1568 970 pau-

345 1002 483 1066 cissima
504 1003 593 1064 inter
612 1000 748 1064 codices
772 1017 852 1063 suos
877 1017 979 1080 opera
1001 999 1221 1062 Franciscum
1244 998 1397 1060 tenuisse
1421 1001 1453 1058 et
1477 1014 1568 1059 nun-

344 1126 447 1190 quam
468 1109 504 1171 in
526 1125 652 1188 corpus
673 1107 1026 1186 redegissaexceptis
1046 1107 1163 1168 Dentis
1184 1105 1367 1182 Allegherii
1390 1109 1570 1168 conuecta

345 1237 364 1280 a
377 1217 542 1280 Boceacio
557 1215 671 1278 oblata
681 1216 926 1296 nonnullisque
940 1213 1087 1276 fortasse
1101 1213 1225 1276 italicis
1240 1212 1428 1294 opusculis.
1447 1213 1567 1274 Poeta-

344 1341 420 1386 rum
443 1340 527 1386 uero
545 1321 683 1386 infimae
703 1322 880 1385 latinitatis
900 1322 1081 1403 plerosque
1095 1321 1210 1394 irrisit,
1232 1319 1401 1400 inprimis
1417 1318 1566 1380 nomina·

344 1432 473 1511 timque
495 1431 641 1492 Alanum
665 1428 707 1491 ab
729 1428 858 1494 lusulis
878 1432 912 1490 et
933 1428 1095 1490 loannem
1113 1425 1155 1488 ab
1175 1427 1252 1488 Alta
1268 1425 1368 1500 Villa,
1391 1441 1567 1506 unumque

344 1537 512 1618 Lupatum
545 1537 586 1599 de
615 1537 754 1616 Lupatis
782 1536 980 1599 Paduanum
1013 1535 1178 1616 peculiari
1209 1550 1271 1595 neo
1300 1533 1441 1594 minima
1467 1531 1567 1593 laude

343 1645 449 1706 coluit
456 1665 463 1716 ;
499 1647 789 1708 Alemanetretetem
813 1642 985 1706 Gualtberi
1014 1659 1033 1703 a
1057 1639 1261 1704 castellione
1286 1657 1347 1702 seu
1373 1638 1415 1701 ab
1439 1639 1566 1702 Insulis

343 1752 494 1832 perlegit,
507 1755 545 1812 ut
560 1749 660 1813 nobis
675 1750 820 1825 uidetur,
839 1767 1014 1830 nunquam
1031 1766 1114 1811 uero
1137 1765 1215 1811 eum
1229 1747 1319 1810 haud
1340 1745 1567 1828 spernendum

343 1860 542 1939 scriptorem
559 1859 735 1920 nominare
750 1857 1005 1935 dignatus'est2.

381 2018 658 2100 Esoriptoribus,
670 2020 728 2100 qui
744 2020 880 2084 nomine
901 2018 1189 2081 scholasticorum
1210 2018 1314 2094 uulgo
1334 2016 1565 2094 designantur,

340 2144 488 2190 messem
501 2128 658 2203 exiguam
668 2128 825 2188 Petrarea
839 2127 1019 2205 decerpsit.
1031 2127 1079 2189 Ne
1095 2127 1235 2188 nomina
1245 2125 1384 2205 quidem
1395 2129 1463 2186 tam
1473 2122 1567 2185 illus-

339 2235 444 2296 trium
478 2234 773 2314 philosophorum,
802 2235 1021 2312 paucissimis
1055 2235 1224 2312 exceptis,
1252 2250 1293 2294 ne
1322 2233 1567 2312 inscriptiones

340 2341 478 2422 quidem
490 2345 539 2404 tot
553 2340 717 2404 librorum
730 2343 953 2422 mysticorum
969 2345 1038 2402 tum
1050 2339 1207 2402 manibus
1222 2338 1382 2402 omuibus
1398 2339 1564 2415 tritorum,
1582 2333 1586 2340 ’

340 2449 496 2527 epistulis
513 2447 928 2529 commentationibusque
945 2448 1016 2510 suis
1032 2446 1202 2510 inserrrit³.
1216 2447 1381 2526 Perpauoi
1392 2445 1564 2523 igiturhu-

339 2555 487 2617 iusmodi
502 2554 609 2618 libelli
620 2558 709 2617 inter
720 2556 856 2618 codices
869 2557 1004 2618 nostros
1021 2556 1245 2636 reperiuntur.
1259 2555 1307 2615 De
1320 2552 1479 2615 Fulberto
1490 2554 1567 2615 Car·

340 2659 1569 2743 nutensietHugonedeSanctovietoreiammenuofuit,quorum0pera

340 2771 506 2850 quaedam
523 2789 543 2833 a
557 2772 716 2834 Petraroa
730 2769 867 2852 quidem
882 2787 1055 2850 possessa,
1066 2770 1157 2832 haud
1172 2774 1287 2832 tamen
1303 2769 1453 2849 perlecta
1468 2785 1568 2848 appa·

339 2877 440 2941 rent⁴.
455 2878 547 2941 ldem
563 2879 629 2940 dici
644 2881 756 2958 potest
772 2877 812 2939 de
828 2878 996 2940 monacho
1011 2878 1115 2952 Gallo,
1135 2877 1235 2939 ouius
1250 2875 1387 2938 libellus
1404 2879 1517 2937 exstat
1532 2876 1567 2935 in

371 3085 394 3134 1.
411 3085 524 3134 Poemeta
549 3084 579 3133 de
600 3085 689 3148 quibus
709 3085 790 3148 agitur
810 3086 942 3147 praecipua
963 3089 1019 3134 sunt
1043 3084 1126 3133 fabula
1147 3083 1236 3147 gallica
1259 3082 1418 3131 celeberrima
1438 3082 1469 3130 de
1493 3081 1565 3142 Rosa,

339 3175 436 3222 tabulae
451 3175 620 3234 Britannicae,
637 3177 693 3234 etc,
709 3189 753 3224 uec
769 3189 817 3222 uon
834 3179 962 3237 poetarum
977 3175 1145 3237 aquitanorum
1164 3172 1368 3235 (Troubadours)
1386 3172 1502 3223 earmina.

370 3264 394 3312 2.
410 3263 559 3313 Testimonia
574 3263 670 3327 require
692 3265 718 3312 in
731 3277 836 3313 excursu
853 3264 995 3325 supradicto
1010 3263 1121 3312 collecta.
1138 3263 1194 3326 (Les
1209 3276 1336 3326 eutropes
1351 3277 1383 3311 en
1399 3261 1496 3326 langue
1510 3260 1567 3312 vul-

338 3353 413 3417 paire
428 3352 489 3401 cbez
505 3353 544 3416 P.)

369 3440 393 3490 3.
409 3442 511 3490 Extollit
524 3445 639 3504 quattuor
653 3441 799 3504 praecipuos
818 3440 893 3490 Italos
911 3441 1079 3501 scholasticos,
1095 3441 1126 3490 nd
1141 3442 1256 3490 maiorem
1270 3441 1367 3490 laudem
1382 3441 1484 3504 patriae,
1500 3440 1565 3488 Aca-

339 3530 432 3579 demiae
450 3530 597 3579 Parisiensis
612 3531 716 3594 elogium
733 3534 757 3578 ut
773 3529 870 3578 uidetur
884 3531 1038 3578 immodicum
1047 3531 1161 3578 refellens
1178 3544 1184 3578 z
1202 3551 1213 3574 ι
1224 3531 1254 3578 m
1274 3531 1378 3578 sortasse
1393 3544 1440 3577 non
1456 3529 1565 3578 homines

339 3620 472 3682 «adspicit
490 3620 534 3667 iste
554 3619 648 3682 [Gallus
663 3620 842 3681 calumniatori,
863 3620 907 3668 sed
921 3619 1038 3678 studium,
1054 3624 1081 3667 ut
1097 3620 1209 3682 quisquis
1224 3619 1326 3668 Parisiis
1345 3619 1467 3668 studuerit
1482 3617 1565 3667 Gallus

338 3721 353 3755 s
368 3708 407 3756 sit.
423 3708 517 3756 lnuitus
531 3708 620 3771 dicam,
637 3708 681 3756 sed
695 3708 760 3771 cogit
774 3708 827 3756 siue
842 3714 912 3771 urget
929 3709 1028 3756 ueritas.
1046 3709 1088 3757 Est
1107 3709 1148 3757 illa
1162 3709 1250 3757 ciuitas
1269 3709 1332 3756 bona
1350 3707 1449 3771 quidem
1464 3711 1488 3756 et
1502 3707 1564 3755 insi·

338 3798 422 3859 <ignis
441 3798 508 3862 regie
527 3797 678 3859 preasentia;
694 3797 760 3860 quod
776 3797 807 3845 ad
827 3798 933 3845 studium
953 3798 1046 3858 attinet,
1063 3812 1106 3847 ceu
1126 3798 1215 3847 ruralis
1233 3802 1271 3846 est
1290 3798 1475 3860 calathosque
1494 3809 1565 3867 poma

338 3887 474 3950 «undique
494 3888 624 3949 peregrina
642 3890 666 3934 et
687 3886 778 3935 nobilia
797 3887 948 3935 deierantur.
965 3888 1000 3935 Ex
1018 3901 1066 3950 quo
1082 3888 1146 3936 enim
1166 3887 1272 3936 studium
1290 3887 1360 3947 illud,
1376 3892 1401 3934 ut
1421 3887 1518 3950 legitur,
1533 3885 1564 3934 ab

338 3975 469 4024 ‹Alcuino
484 3979 641 4038 praeceptore
657 3976 737 4026 Caroli
755 3976 822 4038 regis
839 3977 976 4026 institutum
996 3981 1041 4038 est,
1058 3991 1179 4040 nunquam
1198 3977 1264 4040 quod
1283 3976 1401 4026 audierim
1417 3975 1564 4025 parisiensis

338 4066 493 4128 «quisquam
513 4065 546 4113 ibi
569 4067 605 4113 uir
625 4065 705 4114 clarus
726 4066 784 4126 iuit;
805 4067 848 4115 sed
869 4067 912 4129 qui
933 4067 1038 4126 luerunt,
1055 4067 1148 4114 externi
1165 4067 1247 4129 utique
1268 4070 1291 4116 et
1344 4079 1430 4129 magna
1448 4080 1479 4114 err
1496 4068 1564 4126 parte

337 4168 352 4201 s
367 4153 419 4202 itali
435 4155 502 4203 luere
512 4170 517 4203 :
528 4153 616 4202 Petrus
632 4155 781 4203 lombardus
795 4155 964 4216 Nouariensis‚
975 4168 1047 4218 quem
1062 4155 1109 4217 ipsi
1126 4156 1223 4204 Petrum
1239 4156 1368 4205 Lombardi
1379 4157 1458 4204 solent
1472 4155 1562 4213 dicere,

337 4258 351 4292 e
367 4248 392 4291 ut
407 4243 520 4292 uideatur
534 4243 612 4306 patris
626 4258 713 4292 nomen
726 4258 782 4293 esse
797 4259 846 4292 non
860 4245 962 4306 patriae,
972 4243 1076 4293 Thomas
1088 4245 1117 4292 de
1128 4245 1234 4308 Aquino,
1246 4245 1419 4294 Beneuentum
1429 4243 1460 4292 de
1472 4243 1563 4292 Balneo

336 4347 352 4380 s
367 4332 443 4395 Regio
458 4336 530 4395 atque
545 4332 664 4395 Aegidius
682 4332 803 4380 Romanus
814 4332 998 4396 [deColumna]‚
1015 4333 1133 4396 multique
1146 4334 1219 4382 alii.»
1231 4332 1319 4397 (Apol.
1335 4334 1429 4381 contra
1445 4332 1562 4392 Gallum,

338 4421 385 4485 Op.
401 4419 480 4483 1080).
493 4401 684 4470 Sanctissimi'et
699 4421 826 4469 clarissimi
843 4421 975 4483 scriptores
994 4422 1082 4471 iterum
1097 4436 1242 4485 nunqunma
1255 4422 1383 4470 Francisco
1393 4422 1562 4482 nominantem

325 4508 437 4560 'breuius
451 4514 503 4558 erat
518 4511 590 4558 semel
606 4510 708 4558 laudare
724 4510 779 4558 illos
793 4524 865 4573 quam
878 4511 976 4572 legisse.

368 4599 391 4648 li.
410 4600 445 4648 De
459 4599 544 4648 codice
559 4600 680 4648 l'nrtsr'uo
696 4604 764 4652 2453
780 4599 914 4661 (Remigius
928 4600 1172 4663 Autissiodorensis),
1183 4615 1263 4664 quem,
1275 4604 1301 4648 ut
1314 4601 1390 4659 aiunt,
1407 4600 1521 4650 Maltinus
1532 4600 1562 4648 de

337 4689 426 4738 Sancto
443 4689 541 4736 Gelasio
555 4689 677 4750 quondum
692 4693 716 4736 et
729 4688 848 4735 immerito
866 4688 994 4736 l'atrarcae
1017 4689 1180 4737 bibliothecas
1199 4691 1325 4748 tribuerat,
1344 4690 1400 4738 uide
1417 4691 1561 4738 sententium

337 4780 443 4825 nostram
458 4777 482 4824 iu
500 4778 528 4826 P.
545 4779 571 4825 et
586 4775 692 4834 Vllum„
708 4791 733 4839 p.
749 4774 788 4836 91,
805 4791 828 4826 n.
844 4776 869 4840 2,
884 4790 1034 4840 expressam.
1051 4778 1075 4825 ln
1090 4776 1190 4826 Castalii
1207 4779 1335 4841 Papiensis
1350 4780 1461 4828 codicum
1475 4779 1561 4826 inuen-

337 4865 399 4916 terio
414 4866 491 4915 deest.
