3668 5700
597 567 631 610 ru
655 563 869 614 munionides
890 565 1089 610 rnrnnncau.
1419 553 1453 613 tl

227 711 287 771 tra
306 709 542 772 Ioutntanum¹
559 713 592 772 et
608 708 747 772 Eusebii
767 709 952 774 chronicae
972 709 1146 771 translatio
1166 710 1238 781 uel,
1259 714 1297 772 ut
1318 714 1457 792 saepius

227 817 395 891 nominat,
412 821 516 878 Liber
529 822 570 878 αθ
589 816 826 891 temperabunt
843 817 883 878 ln
901 817 1053 892 margine
1073 821 1229 879 Parisiui
1244 820 1332 878 5054
1348 817 1455 898 (lose-

225 923 340 1004 phus),
357 921 459 994 tll5,
472 939 577 986 manu
594 924 730 1004 scripsit
744 922 785 984 de
798 940 888 984 anno
903 940 972 1002 quo
983 923 1175 984 Alexander
1191 925 1335 1000 Magnus
1351 923 1454 989 obiit:

225 1035 269 1092 In
293 1035 380 1094 libro
399 1035 440 1094 αθ
458 1033 668 1106 temporibus
689 1033 738 1092 est
758 1031 858 1093 carta
881 1034 959 1104 ultr.
987 1031 1078 1092 Haec
1095 1029 1251 1093 semifolii
1267 1031 1457 1110 designatio

225 1135 373 1202 fortasse
390 1138 432 1200 ad
443 1138 597 1200 codicem
613 1156 680 1219 quo
695 1142 797 1218 poeta
807 1136 1214 1218 utebaturreperiendam
1224 1139 1315 1202 haud
1326 1141 1457 1206 inutilis

227 1247 307 1322 erit;
345 1262 439 1308 nnnc
480 1250 596 1308 autem
634 1248 800 1328 quaerant
837 1243 1086 1308 bibliothecarii
1123 1263 1256 1328 nosque
1293 1249 1457 1312 certiores

226 1354 364 1417 iaciant.

268 1461 443 1524 Nonnulla
466 1459 617 1540 Gregorii
630 1460 743 1538 Magni
762 1476 880 1540 opera,
896 1464 1074 1524 Homctiac
1095 1464 1129 1521 et
1151 1465 1302 1537 Diatoat,
1320 1467 1401 1525 sunt
1420 1463 1457 1525 in

225 1567 363 1631 duobus
376 1566 554 1630 codicibus
564 1566 624 1648 qui
638 1568 735 1629 uaria
746 1583 842 1629 sacra
852 1567 1038 1629 continent.
1052 1568 1147 1629 Prior
1156 1573 1342 1632 Parisinus
1355 1570 1455 1644 mir,

228 1673 407 1739 semifoliis
435 1673 523 1748 224³,
550 1675 690 1737 saeculo
718 1673 793 1736 XIV
822 1675 970 1753 scriptus
994 1679 1060 1752 est,
1091 1675 1133 1736 ad
1160 1677 1299 1738 Patrum
1327 1677 1456 1740 litteras

228 1783 313 1847 satis
328 1787 440 1863 aptus,
458 1786 495 1844 ut
509 1781 612 1844 index
625 1781 745 1862 probat
761 1799 768 1842 z
787 1781 822 1844 F.
838 1785 865 1854 l,
880 1785 1040 1858 Profatio
1055 1785 1293 1848 translationis
1307 1787 1458 1859 lastaria

228 1893 317 1954 beati
338 1893 517 1953 Clementis
527 1905 619 1966 pape
633 1894 673 1951 αθ
686 1905 789 1965 areca
805 1893 839 1952 tu
854 1891 1010 1952 tatinum.
1028 1891 1063 1952 F.
1081 1894 1114 1969 t,
1132 1895 1217 1954 tiber
1230 1896 1257 1954 I.
1276 1893 1312 1956 r:
1330 1893 1379 1968 99,
1397 1898 1456 1956 In-

227 2000 310 2072 cipit
324 1999 468 2073 epistola
481 1998 593 2059 sancti
609 1998 787 2060 Gteutentts
800 2011 888 2074 pape
902 2001 946 2060 ad
957 2002 1118 2061 Iacobum
1131 2001 1282 2074 fratrem
1291 1999 1455 2063 Domini&

228 2106 266 2168 F.
288 2105 357 2180 103,
379 2107 550 2180 Incipiunt
574 2107 726 2178 capitula
747 2109 789 2165 αθ
814 2106 1011 2167 lectionibus
1032 2111 1300 2181 euanacttorum.
1325 2110 1458 2170 Dictatc

228 2217 349 2278 omelia
369 2213 412 2292 [S.
437 2213 614 2291 Gregorii].
638 2213 674 2274 F.
696 2213 766 2288 213,
786 2215 905 2275 Sermo
926 2215 1038 2275 sancti
1058 2218 1246 2276 Iteroutmi
1263 2217 1459 2291 presbyteri

226 2327 265 2384 in
279 2324 513 2396 assumptione
525 2322 644 2382 sancte
659 2323 825 2382 Mariand
835 2325 984 2382 Paulam
998 2321 1031 2382 et
1048 2323 1296 2386 Eustochium.
1319 2323 1353 2385 F.
1370 2322 1456 2399 ttt',

227 2433 346 2492 Sermo
371 2431 461 2490 beati
484 2427 636 2490 fulberti
659 2430 808 2502 cumcopl
832 2427 1072 2505 [Carnutensis]
1097 2433 1136 2491 αθ
1159 2431 1342 2492 natiuitatc
1365 2432 1459 2493 beate

228 2541 344 2599 Marte
363 2540 523 2611 Virainis.
541 2533 652 2596 Codex
671 2534 729 2595 ille
744 2537 858 2595 antem
874 2533 1017 2613 picturis
1032 2536 1250 2598 exornandus
1270 2541 1353 2615 erat,
1371 2556 1457 2620 qua-

228 2659 306 2705 rum
330 2643 485 2705 omnium
504 2640 651 2720 spatium
671 2658 690 2700 a
710 2639 822 2702 scriba
839 2645 1053 2703 reseruatum
1075 2645 1141 2715 est,
1164 2645 1338 2706 nonnullis
1357 2648 1459 2707 etiam

230 2749 487 2827 elegantissimo
502 2748 633 2810 calamo
648 2749 716 2809 iam
732 2747 921 2809 delineatis.
944 2749 1082 2828 Emptas
1100 2753 1151 2810 est
1173 2767 1192 2810 a
1211 2752 1370 2814 Petrarca
1390 2754 1458 2815 Ro-

228 2875 306 2918 mae
324 2873 415 2918 anno
434 2855 539 2934 13370,
562 2843 855 2918 cuius'adnotatio
880 2856 1075 2918 summariis
1097 2859 1233 2920 constat
1252 2859 1400 2925 maxime
1424 2861 1459 2922 in

230 2962 725 3042 uitaS.Clementisappositis.
737 2961 910 3024 Prioribus
921 2959 1311 3043 quidemfoliisalterius
1324 2985 1461 3048 quoque
1523 3027 1528 3037 .

229 3088 353 3134 manus
383 3070 512 3134 scholia
540 3068 787 3150 reperiuntur⁷;
818 3074 851 3131 at
880 3067 1111 3151 frequentiora
1136 3073 1317 3136 Francisco
1341 3079 1460 3138 nostro

1301 3246 1459 3257 ——.-.-

263 3340 341 3393 let.
362 3339 412 3390 Vit.
427 3339 478 3388 sol.
493 3338 523 3400 ΙΙ,
541 3339 565 3400 5,
581 3338 596 3386 4
616 3337 674 3402 (ορ.
690 3337 759 3400 275);
781 3338 841 3389 Seu.
863 3337 881 3399 l,
899 3338 926 3400 53
949 3338 989 3398 IV,
1004 3338 1068 3404 5(4):
1086 3323 1209 3404 «Magnas
1228 3343 1299 3391 testis
1317 3346 1355 3392 est
1374 3345 1460 3394 Hiero-

230 3445 348 3495 nymus...
366 3430 392 3478 ln
407 3443 436 3478 eo
451 3429 514 3477 libro
528 3441 602 3491 quem
621 3426 741 3476 aduersas
759 3426 912 3475 loainlanum
929 3427 1081 3477 haereticum
1100 3430 1209 3493 scripsit,
1224 3431 1290 3481 mille
1310 3439 1461 3497 compactum

232 3520 416 3582 confertamque
438 3518 557 3568 historiis.
567 3535 578 3561 u
592 3516 651 3582 (Op.
667 3516 732 3579 788).
752 3515 775 3564 ls
792 3515 869 3575 liber,
885 3519 995 3581 ternpore
1017 3518 1091 3567 medii
1106 3519 1174 3581 aeui,
1195 3521 1358 3583 scriptoribus
1377 3524 1461 3572 matri-

233 3609 314 3658 monio
335 3609 449 3656 imimicis
464 3607 622 3665 breuiarium,
637 3609 664 3653 ut
680 3606 714 3654 ite
728 3605 862 3668 loquamur,
880 3606 979 3654 uidetur
993 3607 1079 3659 luisse.

265 3699 288 3747 2.
303 3699 376 3748 Fam.
393 3696 432 3757 Vl,
449 3697 477 3758 2;
493 3697 555 3746 Var.
569 3695 614 3756 253
627 3695 687 3745 Seu.
705 3694 755 3754 Vll,
773 3694 799 3754 13
819 3695 869 3744 Vit.
884 3695 934 3745 sot.
950 3694 980 3759 ll,
993 3693 1017 3759 9,
1033 3696 1048 3744 2
1063 3695 1122 3760 (Op.
1135 3697 1201 3762 283).

265 3785 290 3838 3.
304 3785 441 3840 330><217
453 3786 513 3834 mill.
529 3785 584 3834 Fuit
598 3785 623 3833 in
639 3783 744 3833 Castellc
755 3783 871 3846 Papiensi
886 3799 910 3832 n.
924 3784 979 3844 534,
996 3785 1021 3834 in
1035 3785 1138 3835 Francia
1151 3790 1232 3836 autem
1246 3793 1362 3853 regnante
1379 3791 1461 3841 Ludo-

234 3876 417 3939 nico-Philippo
427 3876 514 3924 iterum
527 3874 626 3936 ligatus.

264 3963 524 4028 4.1nhocopuseulo
539 3963 614 4012 multa
628 3963 756 4011 Petrsrcae
771 3961 898 4023 signacula
911 3963 1101 4025 animaduertes,
1117 3979 1171 4012 cum
1185 3971 1244 4016 uota
1259 3968 1276 4017 l.
1295 3967 1339 4017 101
1356 3985 1362 4016 :
1377 3971 1461 4020 Nauis

233 4059 260 4105 et
275 4054 392 4104 Ecclesia
407 4052 563 4103 similitudo.
1118 4036 1120 4040 ’

264 4145 288 4196 5.
304 4145 331 4193 F.
346 4143 414 4204 213¹,
431 4144 563 4192 Petrnrcae
578 4156 664 4190 manus
679 4141 704 4189 in
718 4139 827 4205 margine
847 4141 897 4190 duo
912 4145 1004 4191 tantam
1022 4139 1103 4206 finxit
1120 4146 1289 4197 summaria:
1305 4145 1460 4212 Sepulcrum

236 4235 361 4300 Virpim's,
377 4238 401 4283 et
420 4233 483 4281 inira
502 4247 508 4280 :
529 4231 669 4281 Dubitatio
686 4231 831 4280 multorum
849 4231 920 4280 circa
943 4232 1153 4298 Assumptionem
1177 4235 1325 4286 beatissime
1348 4238 1461 4304 Vquinis

233 4325 327 4376 Maria.

265 4412 289 4465 6.
305 4413 486 4463 loannesenim
509 4411 597 4460 Boivin
617 4410 716 4459 saeculo
737 4409 804 4460 XVII
826 4410 888 4459 hanc
903 4411 1109 4474 subscriptionem
1129 4412 1189 4475 legit
1214 4429 1220 4462 ε
1245 4415 1356 4479 Emptos
1371 4417 1457 4478 Rome,

234 4509 249 4554 b
263 4503 358 4568 martij
374 4504 452 4552 1337.
468 4503 586 4566 (Drusis,
601 4500 710 4550 cabinet
725 4501 771 4574 des
784 4515 856 4559 mss,
867 4505 885 4549 t.
900 4499 919 4562 l,
935 4515 959 4563 p.
976 4501 1041 4565 139.)

266 4594 289 4645 7.
305 4592 413 4656 Exempli
440 4592 526 4656 gratis,
547 4592 563 4640 t.
581 4590 597 4638 2
617 4605 622 4638 :
649 4591 741 4638 Prima
761 4603 822 4653 erpo
846 4588 979 4638 dubitatio
996 4589 1113 4640 Clemens
1127 4592 1187 4639 erat
1200 4590 1233 4640 de
1256 4593 1460 4646 immortalitate

235 4683 331 4733 anime.
352 4681 474 4732 Secunda
485 4681 541 4730 eius
555 4679 688 4730 dubitatio
699 4682 757 4728 erat
771 4693 805 4727 au
824 4679 939 4728 mundus
952 4681 1055 4744 facitur
1073 4679 1106 4729 ab
1120 4681 1218 4742 eterno,
1236 4684 1328 4733 utrum
1344 4687 1460 4746 eternus,

235 4776 262 4822 ct
277 4771 360 4820 multe
378 4771 451 4821 circa
470 4771 518 4820 bac
542 4768 703 4818 dubitabiles
723 4769 926 4818 circumstantie
949 4769 976 4818 in
998 4769 1082 4833 ipsius
1097 4773 1207 4833 pectore
1220 4769 1407 4827 uersabantur.
1423 4775 1460 4828 Cl.

236 4863 262 4914 il.
278 4861 293 4910 5
307 4875 361 4924 sqq.
377 4861 491 4910 Eiusdem
506 4873 592 4909 monus
607 4858 677 4920 signa
692 4859 752 4907 satis
767 4857 890 4920 implicata
906 4863 1033 4920 apparent.
1131 4908 1134 4926 ι
