<?xml version="1.0" encoding="UTF-8"?>
<!DOCTYPE html PUBLIC "-//W3C//DTD XHTML 1.0 Transitional//EN"
    "http://www.w3.org/TR/xhtml1/DTD/xhtml1-transitional.dtd">
<html xmlns="http://www.w3.org/1999/xhtml" xml:lang="en" lang="en">
 <head>
  <title>
</title>
<meta http-equiv="Content-Type" content="text/html;charset=utf-8" />
  <meta name='ocr-system' content='tesseract 3.04.00' />
  <meta name='ocr-capabilities' content='ocr_page ocr_carea ocr_par ocr_line ocrx_word'/>
</head>
<body>
  <div class='ocr_page' id='page_1' title='image "./depatrumetmedii00nolhgoog_0035.png"; bbox 0 0 3668 5700; ppageno 0'>
   <div class='ocr_carea' id='block_1_1' title="bbox 397 481 1229 563">
    <p class='ocr_par' dir='ltr' id='par_1_1' title="bbox 397 481 1229 563">
     <span class='ocr_line' id='line_1_1' title="bbox 397 481 1229 563; baseline -0.007 0"><span class='ocrx_word' id='word_1_1' title='bbox 397 526 400 534; x_wconf 93' lang='lat'>·</span> <span class='ocrx_word' id='word_1_2' title='bbox 431 503 469 563; x_wconf 76' lang='lat' dir='ltr'><strong>nl</strong></span> <span class='ocrx_word' id='word_1_3' title='bbox 562 481 570 488; x_wconf 44' lang='grc'><em>”</em></span> <span class='ocrx_word' id='word_1_4' title='bbox 845 515 886 559; x_wconf 83' lang='lat' dir='ltr'><strong>nn</strong></span> <span class='ocrx_word' id='word_1_5' title='bbox 908 513 1042 560; x_wconf 78' lang='lat' dir='ltr'><strong>rnrnvn</strong></span> <span class='ocrx_word' id='word_1_6' title='bbox 1064 483 1229 560; x_wconf 78' lang='lat' dir='ltr'><strong>coniciens</strong></span> 
     </span>
    </p>
   </div>
   <div class='ocr_carea' id='block_1_2' title="bbox 421 653 1669 3536">
    <p class='ocr_par' dir='ltr' id='par_1_2' title="bbox 426 653 1661 1384">
     <span class='ocr_line' id='line_1_2' title="bbox 431 653 1659 740; baseline -0.001 -24"><span class='ocrx_word' id='word_1_7' title='bbox 431 683 447 716; x_wconf 72' lang='grc' dir='ltr'><strong>α</strong></span> <span class='ocrx_word' id='word_1_8' title='bbox 463 659 662 740; x_wconf 82' lang='lat' dir='ltr'><strong>Hieronymi</strong></span> <span class='ocrx_word' id='word_1_9' title='bbox 688 659 852 734; x_wconf 89' lang='lat' dir='ltr'><strong>Hilarion,</strong></span> <span class='ocrx_word' id='word_1_10' title='bbox 875 659 1097 738; x_wconf 85' lang='lat' dir='ltr'><strong>eiusdemque</strong></span> <span class='ocrx_word' id='word_1_11' title='bbox 1121 658 1177 720; x_wconf 91' lang='lat' dir='ltr'><strong>uel</strong></span> <span class='ocrx_word' id='word_1_12' title='bbox 1201 658 1347 720; x_wconf 88' lang='lat' dir='ltr'><strong>loannes</strong></span> <span class='ocrx_word' id='word_1_13' title='bbox 1371 655 1570 736; x_wconf 86' lang='lat' dir='ltr'><strong>Aegyptius,</strong></span> <span class='ocrx_word' id='word_1_14' title='bbox 1595 653 1659 716; x_wconf 87' lang='lat' dir='ltr'><strong>uel</strong></span> 
     </span>
     <span class='ocr_line' id='line_1_3' title="bbox 430 749 1661 847; baseline 0.001 -25"><span class='ocrx_word' id='word_1_15' title='bbox 430 765 446 822; x_wconf 73' lang='lat' dir='ltr'><strong>&lt;i</strong></span> <span class='ocrx_word' id='word_1_16' title='bbox 463 766 587 830; x_wconf 88' lang='lat' dir='ltr'><strong>Paulus</strong></span> <span class='ocrx_word' id='word_1_17' title='bbox 601 768 732 847; x_wconf 92' lang='lat' dir='ltr'><strong>primus</strong></span> <span class='ocrx_word' id='word_1_18' title='bbox 747 749 897 843; x_wconf 80' lang='lat' dir='ltr'><strong>eremita,</strong></span> <span class='ocrx_word' id='word_1_19' title='bbox 919 783 1022 847; x_wconf 93' lang='lat' dir='ltr'><strong>quem</strong></span> <span class='ocrx_word' id='word_1_20' title='bbox 1036 766 1171 845; x_wconf 88' lang='lat' dir='ltr'><strong>placere</strong></span> <span class='ocrx_word' id='word_1_21' title='bbox 1190 763 1253 827; x_wconf 92' lang='lat' dir='ltr'><strong>tibi</strong></span> <span class='ocrx_word' id='word_1_22' title='bbox 1273 761 1455 826; x_wconf 82' lang='lat' dir='ltr'>admodum</span> <span class='ocrx_word' id='word_1_23' title='bbox 1476 761 1571 824; x_wconf 89' lang='lat' dir='ltr'><strong>sensi</strong></span> <span class='ocrx_word' id='word_1_24' title='bbox 1589 779 1661 824; x_wconf 91' lang='lat' dir='ltr'><strong>nec</strong></span> 
     </span>
     <span class='ocr_line' id='line_1_4' title="bbox 430 868 1658 955; baseline -0.004 -20"><span class='ocrx_word' id='word_1_25' title='bbox 430 876 667 938; x_wconf 76' lang='lat' dir='ltr'><strong>«immerito...</strong></span> <span class='ocrx_word' id='word_1_26' title='bbox 694 875 755 946; x_wconf 82' lang='lat' dir='ltr'><strong>Qui</strong></span> <span class='ocrx_word' id='word_1_27' title='bbox 776 875 937 955; x_wconf 89' lang='lat' dir='ltr'><strong>quoniam</strong></span> <span class='ocrx_word' id='word_1_28' title='bbox 961 872 1177 936; x_wconf 87' lang='lat' dir='ltr'><strong>dinumerare</strong></span> <span class='ocrx_word' id='word_1_29' title='bbox 1202 887 1321 934; x_wconf 88' lang='lat' dir='ltr'><strong>omnes</strong></span> <span class='ocrx_word' id='word_1_30' title='bbox 1342 873 1485 950; x_wconf 85' lang='lat' dir='ltr'><strong>longum</strong></span> <span class='ocrx_word' id='word_1_31' title='bbox 1510 873 1572 943; x_wconf 88' lang='lat' dir='ltr'><strong>est,</strong></span> <span class='ocrx_word' id='word_1_32' title='bbox 1591 868 1658 933; x_wconf 89' lang='lat' dir='ltr'><strong>tibi</strong></span> 
     </span>
     <span class='ocr_line' id='line_1_5' title="bbox 428 979 1658 1062; baseline -0.002 -19"><span class='ocrx_word' id='word_1_33' title='bbox 428 1005 446 1038; x_wconf 88' lang='lat'>«</span> <span class='ocrx_word' id='word_1_34' title='bbox 460 998 540 1043; x_wconf 91' lang='lat' dir='ltr'><strong>cum</strong></span> <span class='ocrx_word' id='word_1_35' title='bbox 563 983 658 1045; x_wconf 89' lang='lat' dir='ltr'><strong>noles</strong></span> <span class='ocrx_word' id='word_1_36' title='bbox 681 987 717 1045; x_wconf 86' lang='lat' dir='ltr'>tn</span> <span class='ocrx_word' id='word_1_37' title='bbox 740 985 859 1046; x_wconf 80' lang='lat' dir='ltr'><strong>nostro</strong></span> <span class='ocrx_word' id='word_1_38' title='bbox 881 986 1074 1045; x_wconf 77' lang='lat' dir='ltr'><strong>armariolo</strong></span> <span class='ocrx_word' id='word_1_39' title='bbox 1099 983 1235 1062; x_wconf 85' lang='lat' dir='ltr'><strong>praesto</strong></span> <span class='ocrx_word' id='word_1_40' title='bbox 1264 979 1416 1041; x_wconf 86' lang='lat' dir='ltr'><strong>erunt¹.»</strong></span> <span class='ocrx_word' id='word_1_41' title='bbox 1447 979 1538 1041; x_wconf 84' lang='lat' dir='ltr'><strong>Inter</strong></span> <span class='ocrx_word' id='word_1_42' title='bbox 1565 990 1658 1059; x_wconf 85' lang='lat' dir='ltr'><strong>qnos</strong></span> 
     </span>
     <span class='ocr_line' id='line_1_6' title="bbox 426 1086 1657 1180; baseline -0.003 -30"><span class='ocrx_word' id='word_1_43' title='bbox 426 1089 533 1153; x_wconf 88' lang='lat' dir='ltr'><strong>libros</strong></span> <span class='ocrx_word' id='word_1_44' title='bbox 553 1088 747 1152; x_wconf 89' lang='lat' dir='ltr'><strong>discernere</strong></span> <span class='ocrx_word' id='word_1_45' title='bbox 767 1091 879 1169; x_wconf 88' lang='lat' dir='ltr'><strong>placet</strong></span> <span class='ocrx_word' id='word_1_46' title='bbox 901 1091 932 1153; x_wconf 88' lang='lat' dir='ltr'><strong>S.</strong></span> <span class='ocrx_word' id='word_1_47' title='bbox 953 1089 1089 1152; x_wconf 89' lang='lat' dir='ltr'><strong>Martini</strong></span> <span class='ocrx_word' id='word_1_48' title='bbox 1110 1088 1319 1152; x_wconf 80' lang='lat' dir='ltr'>Turonensis</span> <span class='ocrx_word' id='word_1_49' title='bbox 1338 1088 1445 1154; x_wconf 87' lang='lat' dir='ltr'><strong>uitam</strong></span> <span class='ocrx_word' id='word_1_50' title='bbox 1465 1103 1484 1147; x_wconf 93' lang='lat' dir='ltr'>a</span> <span class='ocrx_word' id='word_1_51' title='bbox 1503 1086 1657 1180; x_wconf 90' lang='lat' dir='ltr'><strong>Sulpicio</strong></span> 
     </span>
     <span class='ocr_line' id='line_1_7' title="bbox 428 1181 1656 1278; baseline -0.005 -18"><span class='ocrx_word' id='word_1_52' title='bbox 428 1197 554 1260; x_wconf 90' lang='lat' dir='ltr'><strong>Seuero</strong></span> <span class='ocrx_word' id='word_1_53' title='bbox 574 1198 745 1278; x_wconf 80' lang='lat' dir='ltr'><strong>scriptam,</strong></span> <span class='ocrx_word' id='word_1_54' title='bbox 765 1197 942 1260; x_wconf 79' lang='lat' dir='ltr'><strong>«omnium</strong></span> <span class='ocrx_word' id='word_1_55' title='bbox 964 1195 1101 1278; x_wconf 89' lang='lat' dir='ltr'><strong>quidem</strong></span> <span class='ocrx_word' id='word_1_56' title='bbox 1115 1195 1333 1258; x_wconf 92' lang='lat' dir='ltr'><strong>meoiudicio</strong></span> <span class='ocrx_word' id='word_1_57' title='bbox 1352 1181 1522 1258; x_wconf 77' lang='lat' dir='ltr'><strong>Gallorum</strong></span> <span class='ocrx_word' id='word_1_58' title='bbox 1540 1193 1656 1256; x_wconf 87' lang='lat' dir='ltr'><strong>diser-</strong></span> 
     </span>
     <span class='ocr_line' id='line_1_8' title="bbox 426 1303 1010 1384; baseline 0.007 -19"><span class='ocrx_word' id='word_1_59' title='bbox 426 1303 604 1384; x_wconf 83' lang='lat' dir='ltr'><strong>tissimo¹‚»</strong></span> <span class='ocrx_word' id='word_1_60' title='bbox 625 1309 663 1367; x_wconf 90' lang='lat' dir='ltr'><strong>ut</strong></span> <span class='ocrx_word' id='word_1_61' title='bbox 682 1303 764 1368; x_wconf 87' lang='lat' dir='ltr'><strong>alibi</strong></span> <span class='ocrx_word' id='word_1_62' title='bbox 783 1305 829 1368; x_wconf 92' lang='lat' dir='ltr'>ait</span> <span class='ocrx_word' id='word_1_63' title='bbox 842 1305 1010 1370; x_wconf 84' lang='lat' dir='ltr'><strong>Petrarca.</strong></span> 
     </span>
    </p>

    <p class='ocr_par' dir='ltr' id='par_1_3' title="bbox 423 1408 1655 2346">
     <span class='ocr_line' id='line_1_9' title="bbox 466 1408 1653 1492; baseline -0.001 -22"><span class='ocrx_word' id='word_1_64' title='bbox 466 1411 515 1470; x_wconf 82' lang='lat' dir='ltr'><strong>Ex</strong></span> <span class='ocrx_word' id='word_1_65' title='bbox 532 1411 706 1474; x_wconf 75' lang='lat' dir='ltr'>Lactantio</span> <span class='ocrx_word' id='word_1_66' title='bbox 721 1428 791 1474; x_wconf 94' lang='lat' dir='ltr'><strong>non</strong></span> <span class='ocrx_word' id='word_1_67' title='bbox 806 1410 1011 1473; x_wconf 75' lang='lat' dir='ltr'><strong>mediocrem</strong></span> <span class='ocrx_word' id='word_1_68' title='bbox 1025 1410 1066 1472; x_wconf 91' lang='lat' dir='ltr'><strong>de</strong></span> <span class='ocrx_word' id='word_1_69' title='bbox 1086 1410 1236 1492; x_wconf 82' lang='lat' dir='ltr'>antiquis</span> <span class='ocrx_word' id='word_1_70' title='bbox 1251 1408 1355 1472; x_wconf 87' lang='lat' dir='ltr'><strong>rebus</strong></span> <span class='ocrx_word' id='word_1_71' title='bbox 1369 1411 1405 1471; x_wconf 89' lang='lat' dir='ltr'><strong>et</strong></span> <span class='ocrx_word' id='word_1_72' title='bbox 1417 1411 1571 1471; x_wconf 88' lang='lat' dir='ltr'><strong>ueterum</strong></span> <span class='ocrx_word' id='word_1_73' title='bbox 1593 1424 1653 1470; x_wconf 90' lang='lat' dir='ltr'><strong>re-</strong></span> 
     </span>
     <span class='ocr_line' id='line_1_10' title="bbox 426 1515 1655 1599; baseline 0.002 -23"><span class='ocrx_word' id='word_1_74' title='bbox 426 1515 551 1593; x_wconf 86' lang='lat' dir='ltr'><strong>ligione</strong></span> <span class='ocrx_word' id='word_1_75' title='bbox 575 1521 732 1582; x_wconf 76' lang='lat' dir='ltr'><strong>notitiam</strong></span> <span class='ocrx_word' id='word_1_76' title='bbox 758 1520 957 1596; x_wconf 87' lang='lat' dir='ltr'><strong>collegerat;</strong></span> <span class='ocrx_word' id='word_1_77' title='bbox 983 1522 1017 1580; x_wconf 94' lang='lat' dir='ltr'><strong>et</strong></span> <span class='ocrx_word' id='word_1_78' title='bbox 1044 1520 1164 1599; x_wconf 88' lang='lat' dir='ltr'><strong>quanti</strong></span> <span class='ocrx_word' id='word_1_79' title='bbox 1187 1516 1306 1580; x_wconf 84' lang='lat' dir='ltr'><strong>fecerit</strong></span> <span class='ocrx_word' id='word_1_80' title='bbox 1340 1517 1516 1598; x_wconf 90' lang='lat' dir='ltr'><strong>scriptoris</strong></span> <span class='ocrx_word' id='word_1_81' title='bbox 1547 1516 1655 1579; x_wconf 86' lang='lat' dir='ltr'><strong>huius</strong></span> 
     </span>
     <span class='ocr_line' id='line_1_11' title="bbox 425 1623 1652 1706; baseline 0.002 -21"><span class='ocrx_word' id='word_1_82' title='bbox 425 1625 662 1688; x_wconf 89' lang='lat' dir='ltr'><strong>testimonium</strong></span> <span class='ocrx_word' id='word_1_83' title='bbox 684 1625 916 1706; x_wconf 84' lang='lat' dir='ltr'><strong>compluribus</strong></span> <span class='ocrx_word' id='word_1_84' title='bbox 941 1626 1026 1688; x_wconf 89' lang='lat' dir='ltr'><strong>locis</strong></span> <span class='ocrx_word' id='word_1_85' title='bbox 1046 1624 1198 1689; x_wconf 82' lang='lat' dir='ltr'><strong>fatetur³.</strong></span> <span class='ocrx_word' id='word_1_86' title='bbox 1219 1627 1330 1706; x_wconf 86' lang='lat' dir='ltr'><strong>Atque</strong></span> <span class='ocrx_word' id='word_1_87' title='bbox 1351 1623 1436 1688; x_wconf 91' lang='lat' dir='ltr'><strong>adeo</strong></span> <span class='ocrx_word' id='word_1_88' title='bbox 1458 1626 1652 1687; x_wconf 79' lang='lat' dir='ltr'><strong>Institutio-</strong></span> 
     </span>
     <span class='ocr_line' id='line_1_12' title="bbox 424 1730 1652 1810; baseline 0.001 -19"><span class='ocrx_word' id='word_1_89' title='bbox 424 1747 508 1792; x_wconf 82' lang='lat' dir='ltr'><strong>num</strong></span> <span class='ocrx_word' id='word_1_90' title='bbox 527 1731 679 1794; x_wconf 81' lang='lat' dir='ltr'><strong>codicem</strong></span> <span class='ocrx_word' id='word_1_91' title='bbox 703 1733 776 1794; x_wconf 88' lang='lat' dir='ltr'><strong>sine</strong></span> <span class='ocrx_word' id='word_1_92' title='bbox 794 1732 866 1794; x_wconf 90' lang='lat' dir='ltr'><strong>ullo</strong></span> <span class='ocrx_word' id='word_1_93' title='bbox 891 1732 994 1795; x_wconf 91' lang='lat' dir='ltr'><strong>dubio</strong></span> <span class='ocrx_word' id='word_1_94' title='bbox 1015 1733 1124 1794; x_wconf 92' lang='lat' dir='ltr'><strong>tenuit</strong></span> <span class='ocrx_word' id='word_1_95' title='bbox 1145 1735 1179 1793; x_wconf 89' lang='lat' dir='ltr'><strong>et</strong></span> <span class='ocrx_word' id='word_1_96' title='bbox 1197 1731 1474 1794; x_wconf 85' lang='lat' dir='ltr'><strong>adnotationibus</strong></span> <span class='ocrx_word' id='word_1_97' title='bbox 1494 1730 1652 1810; x_wconf 87' lang='lat' dir='ltr'><strong>locuple-</strong></span> 
     </span>
     <span class='ocr_line' id='line_1_13' title="bbox 425 1838 1651 1920; baseline 0.002 -22"><span class='ocrx_word' id='word_1_98' title='bbox 425 1838 523 1899; x_wconf 88' lang='lat' dir='ltr'>tanit.</span> <span class='ocrx_word' id='word_1_99' title='bbox 543 1839 651 1901; x_wconf 91' lang='lat' dir='ltr'><strong>Immo</strong></span> <span class='ocrx_word' id='word_1_100' title='bbox 672 1840 861 1918; x_wconf 87' lang='lat' dir='ltr'><strong>Origenem,</strong></span> <span class='ocrx_word' id='word_1_101' title='bbox 883 1843 920 1902; x_wconf 90' lang='lat' dir='ltr'><strong>ut</strong></span> <span class='ocrx_word' id='word_1_102' title='bbox 941 1840 1165 1920; x_wconf 89' lang='lat' dir='ltr'><strong>suspicamur,</strong></span> <span class='ocrx_word' id='word_1_103' title='bbox 1187 1857 1207 1901; x_wconf 92' lang='lat' dir='ltr'>a</span> <span class='ocrx_word' id='word_1_104' title='bbox 1230 1839 1436 1902; x_wconf 86' lang='lat' dir='ltr'><strong>bibliotheca</strong></span> <span class='ocrx_word' id='word_1_105' title='bbox 1461 1856 1524 1900; x_wconf 91' lang='lat' dir='ltr'><strong>sua</strong></span> <span class='ocrx_word' id='word_1_106' title='bbox 1547 1855 1651 1918; x_wconf 88' lang='lat' dir='ltr'><strong>sepo-</strong></span> 
     </span>
     <span class='ocr_line' id='line_1_14' title="bbox 426 1945 1651 2026; baseline -0.002 -18"><span class='ocrx_word' id='word_1_107' title='bbox 426 1945 508 2024; x_wconf 90' lang='lat' dir='ltr'><strong>suit;</strong></span> <span class='ocrx_word' id='word_1_108' title='bbox 530 1947 578 2007; x_wconf 88' lang='lat' dir='ltr'><strong>ait</strong></span> <span class='ocrx_word' id='word_1_109' title='bbox 597 1947 711 2008; x_wconf 88' lang='lat' dir='ltr'><strong>enim:</strong></span> <span class='ocrx_word' id='word_1_110' title='bbox 729 1946 851 2019; x_wconf 84' lang='lat' dir='ltr'><strong>‹Quod</strong></span> <span class='ocrx_word' id='word_1_111' title='bbox 875 1947 916 2010; x_wconf 87' lang='lat' dir='ltr'><strong>ad</strong></span> <span class='ocrx_word' id='word_1_112' title='bbox 940 1948 1120 2026; x_wconf 83' lang='lat' dir='ltr'><strong>Origenem</strong></span> <span class='ocrx_word' id='word_1_113' title='bbox 1140 1946 1271 2026; x_wconf 87' lang='lat' dir='ltr'>attinet,</span> <span class='ocrx_word' id='word_1_114' title='bbox 1289 1964 1358 2008; x_wconf 91' lang='lat' dir='ltr'><strong>non</strong></span> <span class='ocrx_word' id='word_1_115' title='bbox 1381 1950 1450 2007; x_wconf 85' lang='lat' dir='ltr'><strong>tam</strong></span> <span class='ocrx_word' id='word_1_116' title='bbox 1471 1961 1651 2008; x_wconf 89' lang='lat' dir='ltr'><strong>numerare</strong></span> 
     </span>
     <span class='ocr_line' id='line_1_15' title="bbox 426 2053 1652 2135; baseline -0.002 -19"><span class='ocrx_word' id='word_1_117' title='bbox 426 2053 562 2116; x_wconf 88' lang='lat' dir='ltr'><strong>solitum</strong></span> <span class='ocrx_word' id='word_1_118' title='bbox 574 2070 677 2133; x_wconf 87' lang='lat' dir='ltr'><strong>quam</strong></span> <span class='ocrx_word' id='word_1_119' title='bbox 689 2053 851 2116; x_wconf 85' lang='lat' dir='ltr'><strong>extimare</strong></span> <span class='ocrx_word' id='word_1_120' title='bbox 866 2072 920 2116; x_wconf 87' lang='lat' dir='ltr'><strong>me</strong></span> <span class='ocrx_word' id='word_1_121' title='bbox 936 2057 1089 2130; x_wconf 91' lang='lat' dir='ltr'><strong>noueris;</strong></span> <span class='ocrx_word' id='word_1_122' title='bbox 1106 2054 1271 2135; x_wconf 88' lang='lat' dir='ltr'><strong>pauculos</strong></span> <span class='ocrx_word' id='word_1_123' title='bbox 1283 2053 1419 2116; x_wconf 87' lang='lat' dir='ltr'><strong>libellos</strong></span> <span class='ocrx_word' id='word_1_124' title='bbox 1433 2055 1652 2133; x_wconf 88' lang='lat' dir='ltr'><strong>incorruptos</strong></span> 
     </span>
     <span class='ocr_line' id='line_1_16' title="bbox 426 2160 1652 2243; baseline -0.002 -21"><span class='ocrx_word' id='word_1_125' title='bbox 426 2160 606 2240; x_wconf 85' lang='lat' dir='ltr'><strong>scripsisse</strong></span> <span class='ocrx_word' id='word_1_126' title='bbox 620 2160 808 2236; x_wconf 89' lang='lat' dir='ltr'><strong>maluerim,</strong></span> <span class='ocrx_word' id='word_1_127' title='bbox 825 2178 928 2241; x_wconf 89' lang='lat' dir='ltr'><strong>quam</strong></span> <span class='ocrx_word' id='word_1_128' title='bbox 944 2161 1050 2223; x_wconf 90' lang='lat' dir='ltr'><strong>libros</strong></span> <span class='ocrx_word' id='word_1_129' title='bbox 1066 2161 1276 2237; x_wconf 89' lang='lat' dir='ltr'><strong>innumeros,</strong></span> <span class='ocrx_word' id='word_1_130' title='bbox 1293 2163 1328 2222; x_wconf 95' lang='lat' dir='ltr'><strong>in</strong></span> <span class='ocrx_word' id='word_1_131' title='bbox 1344 2160 1469 2243; x_wconf 87' lang='lat' dir='ltr'><strong>quibus</strong></span> <span class='ocrx_word' id='word_1_132' title='bbox 1483 2160 1606 2238; x_wconf 87' lang='lat' dir='ltr'><strong>magni,</strong></span> <span class='ocrx_word' id='word_1_133' title='bbox 1619 2160 1652 2220; x_wconf 87' lang='lat' dir='ltr'><strong>si</strong></span> 
     </span>
     <span class='ocr_line' id='line_1_17' title="bbox 423 2267 1268 2346; baseline 0.001 -16"><span class='ocrx_word' id='word_1_134' title='bbox 423 2285 507 2330; x_wconf 92' lang='lat' dir='ltr'><strong>uera</strong></span> <span class='ocrx_word' id='word_1_135' title='bbox 522 2271 574 2330; x_wconf 86' lang='lat' dir='ltr'><strong>est</strong></span> <span class='ocrx_word' id='word_1_136' title='bbox 588 2267 688 2346; x_wconf 86' lang='lat' dir='ltr'><strong>lama,</strong></span> <span class='ocrx_word' id='word_1_137' title='bbox 704 2272 737 2330; x_wconf 90' lang='lat' dir='ltr'><strong>et</strong></span> <span class='ocrx_word' id='word_1_138' title='bbox 751 2267 984 2331; x_wconf 85' lang='lat' dir='ltr'><strong>intolerabiles</strong></span> <span class='ocrx_word' id='word_1_139' title='bbox 1002 2270 1069 2332; x_wconf 88' lang='lat' dir='ltr'><strong>sint</strong></span> <span class='ocrx_word' id='word_1_140' title='bbox 1084 2268 1268 2334; x_wconf 59' lang='lat' dir='ltr'><strong>erroresl.»</strong></span> 
     </span>
    </p>

    <p class='ocr_par' dir='ltr' id='par_1_4' title="bbox 422 2376 1651 3103">
     <span class='ocr_line' id='line_1_18' title="bbox 464 2376 1651 2457; baseline -0.002 -19"><span class='ocrx_word' id='word_1_141' title='bbox 464 2377 659 2438; x_wconf 84' lang='lat' dir='ltr'><strong>Ceterorum</strong></span> <span class='ocrx_word' id='word_1_142' title='bbox 684 2380 798 2439; x_wconf 88' lang='lat' dir='ltr'><strong>autem</strong></span> <span class='ocrx_word' id='word_1_143' title='bbox 822 2378 960 2438; x_wconf 91' lang='lat' dir='ltr'><strong>Patrum</strong></span> <span class='ocrx_word' id='word_1_144' title='bbox 980 2376 1153 2440; x_wconf 89' lang='lat' dir='ltr'><strong>rarissime</strong></span> <span class='ocrx_word' id='word_1_145' title='bbox 1172 2377 1310 2439; x_wconf 92' lang='lat' dir='ltr'><strong>nomina</strong></span> <span class='ocrx_word' id='word_1_146' title='bbox 1330 2376 1470 2457; x_wconf 89' lang='lat' dir='ltr'><strong>protulit</strong></span> <span class='ocrx_word' id='word_1_147' title='bbox 1492 2377 1651 2439; x_wconf 87' lang='lat' dir='ltr'><strong>Peirarca</strong></span> 
     </span>
     <span class='ocr_line' id='line_1_19' title="bbox 426 2482 1650 2547; baseline -0.001 -1"><span class='ocrx_word' id='word_1_148' title='bbox 426 2487 460 2546; x_wconf 90' lang='lat' dir='ltr'><strong>et</strong></span> <span class='ocrx_word' id='word_1_149' title='bbox 491 2483 532 2546; x_wconf 85' lang='lat' dir='ltr'><strong>de</strong></span> <span class='ocrx_word' id='word_1_150' title='bbox 565 2483 740 2546; x_wconf 88' lang='lat' dir='ltr'><strong>nonnullis</strong></span> <span class='ocrx_word' id='word_1_151' title='bbox 767 2483 823 2546; x_wconf 86' lang='lat' dir='ltr'><strong>uel</strong></span> <span class='ocrx_word' id='word_1_152' title='bbox 852 2484 1051 2547; x_wconf 89' lang='lat' dir='ltr'><strong>clarissimis</strong></span> <span class='ocrx_word' id='word_1_153' title='bbox 1079 2501 1121 2547; x_wconf 87' lang='lat' dir='ltr'><strong>ex</strong></span> <span class='ocrx_word' id='word_1_154' title='bbox 1149 2484 1293 2546; x_wconf 88' lang='lat' dir='ltr'><strong>aliorum</strong></span> <span class='ocrx_word' id='word_1_155' title='bbox 1321 2484 1522 2547; x_wconf 89' lang='lat' dir='ltr'><strong>auctoritate</strong></span> <span class='ocrx_word' id='word_1_156' title='bbox 1549 2482 1650 2545; x_wconf 90' lang='lat' dir='ltr'><strong>nide-</strong></span> 
     </span>
     <span class='ocr_line' id='line_1_20' title="bbox 423 2589 1650 2672; baseline -0.001 -18"><span class='ocrx_word' id='word_1_157' title='bbox 423 2595 478 2654; x_wconf 90' lang='lat' dir='ltr'><strong>tur</strong></span> <span class='ocrx_word' id='word_1_158' title='bbox 492 2591 689 2655; x_wconf 63' lang='lat' dir='ltr'><strong>iudicasset</strong></span> <span class='ocrx_word' id='word_1_159' title='bbox 707 2592 835 2654; x_wconf 91' lang='lat' dir='ltr'><strong>Horum</strong></span> <span class='ocrx_word' id='word_1_160' title='bbox 857 2591 993 2655; x_wconf 89' lang='lat' dir='ltr'><strong>codices</strong></span> <span class='ocrx_word' id='word_1_161' title='bbox 1012 2593 1146 2672; x_wconf 85' lang='lat' dir='ltr'><strong>aliquos</strong></span> <span class='ocrx_word' id='word_1_162' title='bbox 1166 2590 1312 2656; x_wconf 85' lang='lat' dir='ltr'><strong>fortasse</strong></span> <span class='ocrx_word' id='word_1_163' title='bbox 1325 2591 1361 2653; x_wconf 96' lang='lat' dir='ltr'><strong>in</strong></span> <span class='ocrx_word' id='word_1_164' title='bbox 1374 2589 1583 2655; x_wconf 90' lang='lat' dir='ltr'><strong>bibliotheca</strong></span> <span class='ocrx_word' id='word_1_165' title='bbox 1598 2595 1650 2653; x_wconf 88' lang='lat' dir='ltr'><strong>te-</strong></span> 
     </span>
     <span class='ocr_line' id='line_1_21' title="bbox 426 2699 1648 2781; baseline 0.001 -21"><span class='ocrx_word' id='word_1_166' title='bbox 426 2700 515 2777; x_wconf 90' lang='lat' dir='ltr'><strong>nuit;</strong></span> <span class='ocrx_word' id='word_1_167' title='bbox 542 2700 570 2762; x_wconf 90' lang='lat' dir='ltr'><strong>si</strong></span> <span class='ocrx_word' id='word_1_168' title='bbox 594 2703 708 2761; x_wconf 87' lang='lat' dir='ltr'><strong>tamen</strong></span> <span class='ocrx_word' id='word_1_169' title='bbox 732 2700 927 2762; x_wconf 84' lang='lat' dir='ltr'><strong>existimare</strong></span> <span class='ocrx_word' id='word_1_170' title='bbox 951 2699 1048 2762; x_wconf 89' lang='lat' dir='ltr'><strong>decet</strong></span> <span class='ocrx_word' id='word_1_171' title='bbox 1072 2719 1114 2762; x_wconf 82' lang='lat' dir='ltr'><strong>ex</strong></span> <span class='ocrx_word' id='word_1_172' title='bbox 1138 2699 1293 2762; x_wconf 86' lang='lat' dir='ltr'><strong>eiusdem</strong></span> <span class='ocrx_word' id='word_1_173' title='bbox 1317 2701 1452 2778; x_wconf 86' lang='lat' dir='ltr'><strong>generis</strong></span> <span class='ocrx_word' id='word_1_174' title='bbox 1475 2701 1648 2781; x_wconf 88' lang='lat' dir='ltr'><strong>plerisque</strong></span> 
     </span>
     <span class='ocr_line' id='line_1_22' title="bbox 425 2808 1648 2889; baseline 0.003 -21"><span class='ocrx_word' id='word_1_175' title='bbox 425 2808 485 2889; x_wconf 89' lang='lat' dir='ltr'><strong>qui</strong></span> <span class='ocrx_word' id='word_1_176' title='bbox 511 2824 601 2870; x_wconf 91' lang='lat' dir='ltr'><strong>nunc</strong></span> <span class='ocrx_word' id='word_1_177' title='bbox 625 2809 660 2868; x_wconf 94' lang='lat' dir='ltr'><strong>in</strong></span> <span class='ocrx_word' id='word_1_178' title='bbox 683 2824 806 2869; x_wconf 90' lang='lat' dir='ltr'><strong>manus</strong></span> <span class='ocrx_word' id='word_1_179' title='bbox 830 2813 1057 2888; x_wconf 88' lang='lat' dir='ltr'><strong>peruenerunt</strong></span> <span class='ocrx_word' id='word_1_180' title='bbox 1079 2812 1112 2871; x_wconf 90' lang='lat' dir='ltr'><strong>et</strong></span> <span class='ocrx_word' id='word_1_181' title='bbox 1136 2813 1205 2872; x_wconf 90' lang='lat' dir='ltr'><strong>tam</strong></span> <span class='ocrx_word' id='word_1_182' title='bbox 1228 2809 1444 2871; x_wconf 87' lang='lat' dir='ltr'><strong>mediocriter</strong></span> <span class='ocrx_word' id='word_1_183' title='bbox 1468 2826 1488 2871; x_wconf 94' lang='lat' dir='ltr'>a</span> <span class='ocrx_word' id='word_1_184' title='bbox 1510 2808 1648 2872; x_wconf 90' lang='lat' dir='ltr'><strong>domino</strong></span> 
     </span>
     <span class='ocr_line' id='line_1_23' title="bbox 424 2913 1647 2998; baseline 0.001 -21"><span class='ocrx_word' id='word_1_185' title='bbox 424 2914 574 2977; x_wconf 88' lang='lat' dir='ltr'><strong>adnotati</strong></span> <span class='ocrx_word' id='word_1_186' title='bbox 595 2917 687 2990; x_wconf 85' lang='lat' dir='ltr'><strong>sunt,</strong></span> <span class='ocrx_word' id='word_1_187' title='bbox 708 2914 750 2977; x_wconf 94' lang='lat' dir='ltr'><strong>ab</strong></span> <span class='ocrx_word' id='word_1_188' title='bbox 776 2914 936 2978; x_wconf 88' lang='lat' dir='ltr'><strong>omnibns</strong></span> <span class='ocrx_word' id='word_1_189' title='bbox 956 2913 1105 2979; x_wconf 87' lang='lat' dir='ltr'><strong>fructum</strong></span> <span class='ocrx_word' id='word_1_190' title='bbox 1127 2913 1225 2996; x_wconf 90' lang='lat' dir='ltr'><strong>forte,</strong></span> <span class='ocrx_word' id='word_1_191' title='bbox 1250 2917 1463 2998; x_wconf 88' lang='lat' dir='ltr'><strong>uoluptatem</strong></span> <span class='ocrx_word' id='word_1_192' title='bbox 1486 2934 1506 2979; x_wconf 88' lang='lat' dir='ltr'>a</span> <span class='ocrx_word' id='word_1_193' title='bbox 1529 2917 1647 2998; x_wconf 90' lang='lat' dir='ltr'><strong>paucis</strong></span> 
     </span>
     <span class='ocr_line' id='line_1_24' title="bbox 422 3023 585 3103; baseline 0.012 -19"><span class='ocrx_word' id='word_1_194' title='bbox 422 3023 585 3103; x_wconf 83' lang='lat' dir='ltr'><strong>percepit.</strong></span> 
     </span>
    </p>

    <p class='ocr_par' dir='ltr' id='par_1_5' title="bbox 421 3131 1669 3536">
     <span class='ocr_line' id='line_1_25' title="bbox 462 3131 1647 3211; baseline 0.002 -20"><span class='ocrx_word' id='word_1_195' title='bbox 462 3131 587 3192; x_wconf 84' lang='lat' dir='ltr'><strong>Fontes</strong></span> <span class='ocrx_word' id='word_1_196' title='bbox 608 3132 723 3192; x_wconf 88' lang='lat' dir='ltr'><strong>autem</strong></span> <span class='ocrx_word' id='word_1_197' title='bbox 742 3147 915 3194; x_wconf 89' lang='lat' dir='ltr'><strong>sacrarum</strong></span> <span class='ocrx_word' id='word_1_198' title='bbox 937 3131 1139 3211; x_wconf 87' lang='lat' dir='ltr'><strong>litterarum,</strong></span> <span class='ocrx_word' id='word_1_199' title='bbox 1161 3149 1225 3194; x_wconf 90' lang='lat' dir='ltr'><strong>nec</strong></span> <span class='ocrx_word' id='word_1_200' title='bbox 1248 3135 1382 3195; x_wconf 88' lang='lat' dir='ltr'>tantum</span> <span class='ocrx_word' id='word_1_201' title='bbox 1400 3131 1568 3196; x_wconf 86' lang='lat' dir='ltr'><strong>maximos</strong></span> <span class='ocrx_word' id='word_1_202' title='bbox 1590 3132 1647 3195; x_wconf 88' lang='lat' dir='ltr'><strong>uel</strong></span> 
     </span>
     <span class='ocr_line' id='line_1_26' title="bbox 423 3225 1669 3318; baseline 0.004 -21"><span class='ocrx_word' id='word_1_203' title='bbox 423 3225 683 3317; x_wconf 86' lang='lat' dir='ltr'><strong>antiquissimos</strong></span> <span class='ocrx_word' id='word_1_204' title='bbox 713 3239 841 3318; x_wconf 69' lang='lat' dir='ltr'><strong>Patres</strong></span> <span class='ocrx_word' id='word_1_205' title='bbox 873 3240 1076 3302; x_wconf 83' lang='lat' dir='ltr'><strong>Francisous</strong></span> <span class='ocrx_word' id='word_1_206' title='bbox 1105 3239 1283 3318; x_wconf 88' lang='lat' dir='ltr'><strong>diligenter</strong></span> <span class='ocrx_word' id='word_1_207' title='bbox 1310 3238 1488 3305; x_wconf 84' lang='lat' dir='ltr'><strong>tractabat.</strong></span> <span class='ocrx_word' id='word_1_208' title='bbox 1516 3241 1669 3303; x_wconf 81' lang='lat' dir='ltr'><strong>Possim&#39;</strong></span> 
     </span>
     <span class='ocr_line' id='line_1_27' title="bbox 423 3343 1646 3427; baseline 0.006 -24"><span class='ocrx_word' id='word_1_209' title='bbox 423 3343 512 3423; x_wconf 92' lang='lat' dir='ltr'><strong>apud</strong></span> <span class='ocrx_word' id='word_1_210' title='bbox 534 3343 645 3405; x_wconf 91' lang='lat' dir='ltr'><strong>Dauid</strong></span> <span class='ocrx_word' id='word_1_211' title='bbox 668 3344 865 3424; x_wconf 87' lang='lat' dir='ltr'><strong>mirabatur,</strong></span> <span class='ocrx_word' id='word_1_212' title='bbox 891 3363 994 3427; x_wconf 89' lang='lat' dir='ltr'><strong>quem</strong></span> <span class='ocrx_word' id='word_1_213' title='bbox 1017 3347 1143 3408; x_wconf 88' lang='lat' dir='ltr'><strong>iamin</strong></span> <span class='ocrx_word' id='word_1_214' title='bbox 1166 3348 1275 3427; x_wconf 89' lang='lat' dir='ltr'><strong>prima</strong></span> <span class='ocrx_word' id='word_1_215' title='bbox 1302 3352 1454 3410; x_wconf 83' lang='lat' dir='ltr'><strong>Bucolici</strong></span> <span class='ocrx_word' id='word_1_216' title='bbox 1479 3351 1646 3412; x_wconf 59' lang='lat' dir='ltr'><strong>carminata</strong></span> 
     </span>
     <span class='ocr_line' id='line_1_28' title="bbox 421 3450 1644 3536; baseline 0.004 -24"><span class='ocrx_word' id='word_1_217' title='bbox 421 3450 551 3528; x_wconf 81' lang='lat' dir='ltr'><strong>ecloga,</strong></span> <span class='ocrx_word' id='word_1_218' title='bbox 567 3450 722 3514; x_wconf 89' lang='lat' dir='ltr'><strong>feruente</strong></span> <span class='ocrx_word' id='word_1_219' title='bbox 744 3456 817 3515; x_wconf 88' lang='lat' dir='ltr'><strong>tum</strong></span> <span class='ocrx_word' id='word_1_220' title='bbox 830 3454 983 3530; x_wconf 88' lang='lat' dir='ltr'><strong>iuuenta,</strong></span> <span class='ocrx_word' id='word_1_221' title='bbox 999 3454 1047 3516; x_wconf 91' lang='lat' dir='ltr'><strong>ita</strong></span> <span class='ocrx_word' id='word_1_222' title='bbox 1061 3471 1138 3516; x_wconf 92' lang='lat' dir='ltr'><strong>cum</strong></span> <span class='ocrx_word' id='word_1_223' title='bbox 1153 3455 1299 3518; x_wconf 92' lang='lat' dir='ltr'><strong>Homero</strong></span> <span class='ocrx_word' id='word_1_224' title='bbox 1314 3455 1531 3536; x_wconf 84' lang='lat' dir='ltr'><strong>Vergilioque</strong></span> <span class='ocrx_word' id='word_1_225' title='bbox 1549 3472 1644 3519; x_wconf 88' lang='lat' dir='ltr'><strong>com-</strong></span> 
     </span>
    </p>
   </div>
   <div class='ocr_carea' id='block_1_3' title="bbox 419 3719 1646 4679">
    <p class='ocr_par' dir='ltr' id='par_1_6' title="bbox 453 3719 806 3785">
     <span class='ocr_line' id='line_1_29' title="bbox 453 3719 806 3785; baseline 0.006 -17"><span class='ocrx_word' id='word_1_226' title='bbox 453 3719 475 3768; x_wconf 92' lang='lat' dir='ltr'><strong>l.</strong></span> <span class='ocrx_word' id='word_1_227' title='bbox 489 3720 552 3770; x_wconf 79' lang='lat' dir='ltr'><strong>Sec.</strong></span> <span class='ocrx_word' id='word_1_228' title='bbox 567 3719 654 3784; x_wconf 89' lang='lat' dir='ltr'><strong>Vlll,6</strong></span> <span class='ocrx_word' id='word_1_229' title='bbox 668 3720 726 3785; x_wconf 83' lang='lat' dir='ltr'><strong>(Op.</strong></span> <span class='ocrx_word' id='word_1_230' title='bbox 741 3721 806 3785; x_wconf 75' lang='lat'>840).</span> 
     </span>
    </p>

    <p class='ocr_par' dir='ltr' id='par_1_7' title="bbox 419 3809 1645 4053">
     <span class='ocr_line' id='line_1_30' title="bbox 419 3809 1645 3883; baseline 0.008 -25"><span class='ocrx_word' id='word_1_231' title='bbox 419 3863 422 3868; x_wconf 60' lang='grc'><strong>,</strong></span> <span class='ocrx_word' id='word_1_232' title='bbox 451 3809 476 3861; x_wconf 83' lang='grc'><strong>2,</strong></span> <span class='ocrx_word' id='word_1_233' title='bbox 486 3809 591 3883; x_wconf 77' lang='lat' dir='ltr'><strong>¹Gorrtra</strong></span> <span class='ocrx_word' id='word_1_234' title='bbox 606 3809 676 3861; x_wconf 86' lang='lat' dir='ltr'><strong>Gall.</strong></span> <span class='ocrx_word' id='word_1_235' title='bbox 692 3810 751 3875; x_wconf 84' lang='lat' dir='ltr'><strong>(Op.</strong></span> <span class='ocrx_word' id='word_1_236' title='bbox 770 3809 849 3874; x_wconf 84' lang='lat'>1069).</span> <span class='ocrx_word' id='word_1_237' title='bbox 866 3811 991 3876; x_wconf 87' lang='lat' dir='ltr'><strong>Sulpicius</strong></span> <span class='ocrx_word' id='word_1_238' title='bbox 1005 3813 1112 3864; x_wconf 86' lang='lat' dir='ltr'><strong>Seuerus</strong></span> <span class='ocrx_word' id='word_1_239' title='bbox 1126 3815 1198 3865; x_wconf 84' lang='lat' dir='ltr'><strong>etiam</strong></span> <span class='ocrx_word' id='word_1_240' title='bbox 1213 3816 1350 3865; x_wconf 88' lang='lat' dir='ltr'><strong>nominatur</strong></span> <span class='ocrx_word' id='word_1_241' title='bbox 1363 3816 1390 3867; x_wconf 90' lang='lat' dir='ltr'><strong>in</strong></span> <span class='ocrx_word' id='word_1_242' title='bbox 1410 3817 1461 3869; x_wconf 85' lang='lat' dir='ltr'>Vit.</span> <span class='ocrx_word' id='word_1_243' title='bbox 1480 3816 1529 3869; x_wconf 83' lang='lat' dir='ltr'><strong>soi.</strong></span> <span class='ocrx_word' id='word_1_244' title='bbox 1545 3816 1576 3879; x_wconf 92' lang='lat' dir='ltr'><strong>ll,</strong></span> <span class='ocrx_word' id='word_1_245' title='bbox 1590 3815 1614 3877; x_wconf 89' lang='lat'><strong>3,</strong></span> <span class='ocrx_word' id='word_1_246' title='bbox 1630 3817 1645 3868; x_wconf 76' lang='lat' dir='ltr'>t</span> 
     </span>
     <span class='ocr_line' id='line_1_31' title="bbox 421 3885 1645 3970; baseline 0.007 -22"><span class='ocrx_word' id='word_1_247' title='bbox 421 3898 481 3964; x_wconf 85' lang='lat' dir='ltr'><strong>(Op.</strong></span> <span class='ocrx_word' id='word_1_248' title='bbox 505 3899 572 3963; x_wconf 75' lang='lat'><strong>258).</strong></span> <span class='ocrx_word' id='word_1_249' title='bbox 594 3900 709 3949; x_wconf 87' lang='lat' dir='ltr'><strong>Eiusdem</strong></span> <span class='ocrx_word' id='word_1_250' title='bbox 727 3905 807 3951; x_wconf 83' lang='lat' dir='ltr'><strong>autern</strong></span> <span class='ocrx_word' id='word_1_251' title='bbox 827 3901 992 3962; x_wconf 76' lang='lat' dir='ltr'><strong>Chronicom,</strong></span> <span class='ocrx_word' id='word_1_252' title='bbox 1009 3908 1035 3952; x_wconf 88' lang='lat' dir='ltr'>nt</span> <span class='ocrx_word' id='word_1_253' title='bbox 1048 3905 1121 3953; x_wconf 88' lang='lat' dir='ltr'><strong>nobis</strong></span> <span class='ocrx_word' id='word_1_254' title='bbox 1138 3905 1242 3963; x_wconf 85' lang='lat' dir='ltr'><strong>uidetur,</strong></span> <span class='ocrx_word' id='word_1_255' title='bbox 1269 3905 1384 3955; x_wconf 82' lang='lat' dir='ltr'><strong>Petrarca</strong></span> <span class='ocrx_word' id='word_1_256' title='bbox 1405 3921 1456 3957; x_wconf 90' lang='lat' dir='ltr'><strong>non</strong></span> <span class='ocrx_word' id='word_1_257' title='bbox 1478 3885 1594 3970; x_wconf 75' lang='lat' dir='ltr'><strong>nouernt3</strong></span> <span class='ocrx_word' id='word_1_258' title='bbox 1613 3908 1645 3956; x_wconf 84' lang='lat' dir='ltr'><strong>dc</strong></span> 
     </span>
     <span class='ocr_line' id='line_1_32' title="bbox 424 3988 1213 4053; baseline 0.01 -16"><span class='ocrx_word' id='word_1_259' title='bbox 424 3988 505 4038; x_wconf 90' lang='lat' dir='ltr'><strong>Orosii</strong></span> <span class='ocrx_word' id='word_1_260' title='bbox 520 3990 630 4053; x_wconf 88' lang='lat' dir='ltr'><strong>aequalis</strong></span> <span class='ocrx_word' id='word_1_261' title='bbox 644 3990 718 4050; x_wconf 88' lang='lat' dir='ltr'><strong>libro,</strong></span> <span class='ocrx_word' id='word_1_262' title='bbox 734 3990 766 4039; x_wconf 88' lang='lat' dir='ltr'><strong>ci.</strong></span> <span class='ocrx_word' id='word_1_263' title='bbox 782 3993 812 4042; x_wconf 89' lang='lat' dir='ltr'><strong>P.</strong></span> <span class='ocrx_word' id='word_1_264' title='bbox 828 3994 854 4040; x_wconf 84' lang='lat' dir='ltr'><strong>et</strong></span> <span class='ocrx_word' id='word_1_265' title='bbox 870 3991 1068 4053; x_wconf 79' lang='lat' dir='ltr'><strong>l&#39;Humanisme,</strong></span> <span class='ocrx_word' id='word_1_266' title='bbox 1084 3993 1109 4041; x_wconf 94' lang='lat' dir='ltr'><strong>in</strong></span> <span class='ocrx_word' id='word_1_267' title='bbox 1123 3994 1213 4046; x_wconf 84' lang='lat' dir='ltr'><strong>indice.</strong></span> 
     </span>
    </p>

    <p class='ocr_par' dir='ltr' id='par_1_8' title="bbox 420 4077 1646 4411">
     <span class='ocr_line' id='line_1_33' title="bbox 449 4077 1646 4150; baseline 0.008 -23"><span class='ocrx_word' id='word_1_268' title='bbox 449 4078 474 4129; x_wconf 89' lang='lat'><strong>3.</strong></span> <span class='ocrx_word' id='word_1_269' title='bbox 490 4079 562 4129; x_wconf 83' lang='lat' dir='ltr'><strong>Rem.</strong></span> <span class='ocrx_word' id='word_1_270' title='bbox 580 4077 610 4138; x_wconf 90' lang='lat' dir='ltr'><strong>ll,</strong></span> <span class='ocrx_word' id='word_1_271' title='bbox 626 4078 641 4127; x_wconf 85' lang='lat'>9</span> <span class='ocrx_word' id='word_1_272' title='bbox 656 4093 662 4128; x_wconf 89' lang='lat'><strong>:</strong></span> <span class='ocrx_word' id='word_1_273' title='bbox 680 4079 840 4130; x_wconf 76' lang='lat' dir='ltr'><strong>oLoctantius</strong></span> <span class='ocrx_word' id='word_1_274' title='bbox 859 4083 1003 4146; x_wconf 88' lang='lat' dir='ltr'><strong>Firmianus,</strong></span> <span class='ocrx_word' id='word_1_275' title='bbox 1018 4083 1057 4131; x_wconf 89' lang='lat' dir='ltr'><strong>uir</strong></span> <span class='ocrx_word' id='word_1_276' title='bbox 1076 4082 1203 4134; x_wconf 84' lang='lat' dir='ltr'><strong>doctrinae</strong></span> <span class='ocrx_word' id='word_1_277' title='bbox 1222 4084 1366 4148; x_wconf 88' lang='lat' dir='ltr'><strong>multiplicis</strong></span> <span class='ocrx_word' id='word_1_278' title='bbox 1386 4086 1484 4150; x_wconf 79' lang='lat' dir='ltr'><strong>rarique</strong></span> <span class='ocrx_word' id='word_1_279' title='bbox 1504 4088 1566 4137; x_wconf 86' lang='lat' dir='ltr'><strong>inter</strong></span> <span class='ocrx_word' id='word_1_280' title='bbox 1587 4101 1646 4136; x_wconf 88' lang='lat' dir='ltr'><strong>suos</strong></span> 
     </span>
     <span class='ocr_line' id='line_1_34' title="bbox 423 4167 1646 4238; baseline 0.005 -20"><span class='ocrx_word' id='word_1_281' title='bbox 423 4169 566 4232; x_wconf 85' lang='lat' dir='ltr'><strong>eloquii...»</strong></span> <span class='ocrx_word' id='word_1_282' title='bbox 585 4167 655 4218; x_wconf 81' lang='lat' dir='ltr'><strong>Circa</strong></span> <span class='ocrx_word' id='word_1_283' title='bbox 672 4169 748 4218; x_wconf 89' lang='lat' dir='ltr'><strong>uicies</strong></span> <span class='ocrx_word' id='word_1_284' title='bbox 768 4170 793 4218; x_wconf 93' lang='lat' dir='ltr'><strong>in</strong></span> <span class='ocrx_word' id='word_1_285' title='bbox 814 4172 932 4234; x_wconf 86' lang='lat' dir='ltr'><strong>operibus</strong></span> <span class='ocrx_word' id='word_1_286' title='bbox 952 4173 1081 4235; x_wconf 84' lang='lat' dir='ltr'><strong>impressis</strong></span> <span class='ocrx_word' id='word_1_287' title='bbox 1095 4173 1192 4233; x_wconf 86' lang='lat' dir='ltr'><strong>citatur,</strong></span> <span class='ocrx_word' id='word_1_288' title='bbox 1208 4175 1252 4223; x_wconf 89' lang='lat' dir='ltr'><strong>sed</strong></span> <span class='ocrx_word' id='word_1_289' title='bbox 1273 4176 1372 4238; x_wconf 85' lang='lat' dir='ltr'><strong>saepius</strong></span> <span class='ocrx_word' id='word_1_290' title='bbox 1386 4176 1409 4223; x_wconf 92' lang='lat' dir='ltr'><strong>in</strong></span> <span class='ocrx_word' id='word_1_291' title='bbox 1431 4176 1532 4225; x_wconf 85' lang='lat' dir='ltr'><strong>scholiis</strong></span> <span class='ocrx_word' id='word_1_292' title='bbox 1546 4177 1646 4238; x_wconf 71' lang='lat' dir='ltr'><strong>ineditis</strong></span> 
     </span>
     <span class='ocr_line' id='line_1_35' title="bbox 420 4257 1645 4328; baseline 0.005 -20"><span class='ocrx_word' id='word_1_293' title='bbox 420 4259 455 4322; x_wconf 80' lang='lat' dir='ltr'><strong>(v.</strong></span> <span class='ocrx_word' id='word_1_294' title='bbox 473 4259 502 4310; x_wconf 88' lang='lat' dir='ltr'><strong>P.</strong></span> <span class='ocrx_word' id='word_1_295' title='bbox 519 4261 545 4306; x_wconf 87' lang='lat' dir='ltr'><strong>et</strong></span> <span class='ocrx_word' id='word_1_296' title='bbox 560 4257 667 4318; x_wconf 68' lang='lat' dir='ltr'><strong>Vllum„</strong></span> <span class='ocrx_word' id='word_1_297' title='bbox 685 4260 710 4308; x_wconf 90' lang='lat' dir='ltr'><strong>in</strong></span> <span class='ocrx_word' id='word_1_298' title='bbox 723 4259 823 4323; x_wconf 84' lang='lat' dir='ltr'><strong>indice).</strong></span> <span class='ocrx_word' id='word_1_299' title='bbox 838 4261 874 4310; x_wconf 90' lang='lat' dir='ltr'><strong>De</strong></span> <span class='ocrx_word' id='word_1_300' title='bbox 895 4261 1015 4310; x_wconf 86' lang='lat' dir='ltr'><strong>Lactantii</strong></span> <span class='ocrx_word' id='word_1_301' title='bbox 1033 4263 1177 4312; x_wconf 82' lang='lat' dir='ltr'><strong>auctoritate</strong></span> <span class='ocrx_word' id='word_1_302' title='bbox 1196 4263 1262 4327; x_wconf 86' lang='lat' dir='ltr'><strong>apud</strong></span> <span class='ocrx_word' id='word_1_303' title='bbox 1279 4265 1422 4314; x_wconf 85' lang='lat' dir='ltr'><strong>Boccocium</strong></span> <span class='ocrx_word' id='word_1_304' title='bbox 1436 4265 1520 4328; x_wconf 80' lang='lat' dir='ltr'><strong>multo,</strong></span> <span class='ocrx_word' id='word_1_305' title='bbox 1536 4281 1560 4315; x_wconf 88' lang='lat' dir='ltr'><strong>v.</strong></span> <span class='ocrx_word' id='word_1_306' title='bbox 1576 4265 1645 4315; x_wconf 82' lang='lat' dir='ltr'><strong>lion-</strong></span> 
     </span>
     <span class='ocr_line' id='line_1_36' title="bbox 420 4347 682 4411; baseline 0.004 -15"><span class='ocrx_word' id='word_1_307' title='bbox 420 4362 464 4407; x_wconf 87' lang='lat' dir='ltr'><strong>ns,</strong></span> <span class='ocrx_word' id='word_1_308' title='bbox 479 4347 570 4411; x_wconf 85' lang='lat' dir='ltr'><strong>Siudj,</strong></span> <span class='ocrx_word' id='word_1_309' title='bbox 586 4363 611 4411; x_wconf 94' lang='lat' dir='ltr'><strong>p.</strong></span> <span class='ocrx_word' id='word_1_310' title='bbox 627 4347 682 4398; x_wconf 79' lang='lat'><strong>472.</strong></span> 
     </span>
    </p>

    <p class='ocr_par' dir='ltr' id='par_1_9' title="bbox 421 4437 1646 4679">
     <span class='ocr_line' id='line_1_37' title="bbox 452 4437 1646 4507; baseline 0.008 -23"><span class='ocrx_word' id='word_1_311' title='bbox 452 4437 475 4484; x_wconf 82' lang='lat'><strong>4.</strong></span> <span class='ocrx_word' id='word_1_312' title='bbox 491 4437 624 4486; x_wconf 86' lang='lat' dir='ltr'><strong>Rarissime</strong></span> <span class='ocrx_word' id='word_1_313' title='bbox 637 4439 737 4488; x_wconf 79' lang='lat' dir='ltr'><strong>adducit</strong></span> <span class='ocrx_word' id='word_1_314' title='bbox 749 4438 889 4503; x_wconf 68' lang='lat' dir='ltr'><strong>(bigenem,</strong></span> <span class='ocrx_word' id='word_1_315' title='bbox 906 4441 932 4492; x_wconf 91' lang='lat' dir='ltr'><strong>S.</strong></span> <span class='ocrx_word' id='word_1_316' title='bbox 950 4440 1106 4505; x_wconf 83' lang='lat' dir='ltr'><strong>Cypriacam,</strong></span> <span class='ocrx_word' id='word_1_317' title='bbox 1122 4442 1148 4492; x_wconf 90' lang='lat' dir='ltr'><strong>S.</strong></span> <span class='ocrx_word' id='word_1_318' title='bbox 1160 4444 1264 4492; x_wconf 73' lang='lat' dir='ltr'><strong>Leonem</strong></span> <span class='ocrx_word' id='word_1_319' title='bbox 1276 4458 1372 4507; x_wconf 85' lang='lat' dir='ltr'><strong>papam,</strong></span> <span class='ocrx_word' id='word_1_320' title='bbox 1388 4443 1414 4494; x_wconf 85' lang='lat' dir='ltr'><strong>S.</strong></span> <span class='ocrx_word' id='word_1_321' title='bbox 1432 4445 1550 4496; x_wconf 81' lang='lat' dir='ltr'><strong>Hilarium</strong></span> <span class='ocrx_word' id='word_1_322' title='bbox 1560 4444 1646 4494; x_wconf 80' lang='lat' dir='ltr'><strong>Arela-</strong></span> 
     </span>
     <span class='ocr_line' id='line_1_38' title="bbox 421 4527 1645 4600; baseline 0.01 -26"><span class='ocrx_word' id='word_1_323' title='bbox 421 4530 523 4576; x_wconf 86' lang='lat' dir='ltr'><strong>tenscm.</strong></span> <span class='ocrx_word' id='word_1_324' title='bbox 539 4527 633 4576; x_wconf 79' lang='lat' dir='ltr'><strong>Leudsd</strong></span> <span class='ocrx_word' id='word_1_325' title='bbox 647 4529 771 4591; x_wconf 86' lang='lat' dir='ltr'><strong>ingenium</strong></span> <span class='ocrx_word' id='word_1_326' title='bbox 788 4529 814 4578; x_wconf 91' lang='lat' dir='ltr'><strong>S.</strong></span> <span class='ocrx_word' id='word_1_327' title='bbox 835 4530 919 4579; x_wconf 87' lang='lat' dir='ltr'><strong>Hilarii</strong></span> <span class='ocrx_word' id='word_1_328' title='bbox 938 4531 1101 4593; x_wconf 86' lang='lat' dir='ltr'><strong>Piciauensis,</strong></span> <span class='ocrx_word' id='word_1_329' title='bbox 1117 4534 1142 4581; x_wconf 94' lang='lat' dir='ltr'><strong>in</strong></span> <span class='ocrx_word' id='word_1_330' title='bbox 1155 4533 1234 4597; x_wconf 80' lang='lat' dir='ltr'><strong>Apol.</strong></span> <span class='ocrx_word' id='word_1_331' title='bbox 1257 4537 1352 4584; x_wconf 82' lang='lat' dir='ltr'><strong>contra</strong></span> <span class='ocrx_word' id='word_1_332' title='bbox 1372 4532 1478 4584; x_wconf 85' lang='lat' dir='ltr'><strong>Gallum</strong></span> <span class='ocrx_word' id='word_1_333' title='bbox 1493 4535 1551 4600; x_wconf 86' lang='lat' dir='ltr'><strong>(Op.</strong></span> <span class='ocrx_word' id='word_1_334' title='bbox 1567 4535 1645 4586; x_wconf 81' lang='lat'><strong>1080-</strong></span> 
     </span>
     <span class='ocr_line' id='line_1_39' title="bbox 424 4615 1075 4679; baseline 0.012 -16"><span class='ocrx_word' id='word_1_335' title='bbox 424 4615 504 4679; x_wconf 89' lang='grc'>1081).</span> <span class='ocrx_word' id='word_1_336' title='bbox 520 4616 663 4666; x_wconf 82' lang='lat' dir='ltr'><strong>Tertulliani</strong></span> <span class='ocrx_word' id='word_1_337' title='bbox 675 4633 761 4667; x_wconf 87' lang='lat' dir='ltr'><strong>nomen</strong></span> <span class='ocrx_word' id='word_1_338' title='bbox 776 4619 848 4668; x_wconf 85' lang='lat' dir='ltr'><strong>etiarn</strong></span> <span class='ocrx_word' id='word_1_339' title='bbox 863 4634 912 4669; x_wconf 92' lang='lat' dir='ltr'><strong>non</strong></span> <span class='ocrx_word' id='word_1_340' title='bbox 926 4619 1075 4672; x_wconf 88' lang='lat' dir='ltr'><strong>inuenimus.</strong></span> 
     </span>
    </p>
   </div>
   <div class='ocr_carea' id='block_1_4' title="bbox 421 4704 1644 4859">
    <p class='ocr_par' dir='ltr' id='par_1_10' title="bbox 421 4704 1644 4859">
     <span class='ocr_line' id='line_1_40' title="bbox 452 4704 1644 4776; baseline 0.011 -24"><span class='ocrx_word' id='word_1_341' title='bbox 452 4705 476 4754; x_wconf 80' lang='lat'><strong>5.</strong></span> <span class='ocrx_word' id='word_1_342' title='bbox 491 4705 551 4755; x_wconf 81' lang='lat' dir='ltr'><strong>Sea.</strong></span> <span class='ocrx_word' id='word_1_343' title='bbox 566 4704 641 4767; x_wconf 88' lang='lat' dir='ltr'><strong>XVll,</strong></span> <span class='ocrx_word' id='word_1_344' title='bbox 656 4706 671 4756; x_wconf 82' lang='lat'><strong><em>2</em></strong></span> <span class='ocrx_word' id='word_1_345' title='bbox 684 4705 739 4774; x_wconf 84' lang='lat' dir='ltr'><strong>(seu</strong></span> <span class='ocrx_word' id='word_1_346' title='bbox 754 4709 778 4756; x_wconf 93' lang='lat' dir='ltr'><strong>in</strong></span> <span class='ocrx_word' id='word_1_347' title='bbox 798 4708 838 4757; x_wconf 91' lang='lat' dir='ltr'><strong>ed.</strong></span> <span class='ocrx_word' id='word_1_348' title='bbox 854 4707 917 4771; x_wconf 87' lang='lat' dir='ltr'><strong>XVI,</strong></span> <span class='ocrx_word' id='word_1_349' title='bbox 933 4710 957 4771; x_wconf 82' lang='lat'><strong>2,</strong></span> <span class='ocrx_word' id='word_1_350' title='bbox 979 4708 1025 4774; x_wconf 91' lang='lat' dir='ltr'><strong>Op.</strong></span> <span class='ocrx_word' id='word_1_351' title='bbox 1038 4710 1093 4774; x_wconf 88' lang='lat'><strong>966,</strong></span> <span class='ocrx_word' id='word_1_352' title='bbox 1108 4711 1203 4760; x_wconf 87' lang='lat' dir='ltr'><strong>mendis</strong></span> <span class='ocrx_word' id='word_1_353' title='bbox 1222 4712 1288 4776; x_wconf 88' lang='lat' dir='ltr'><strong>apud</strong></span> <span class='ocrx_word' id='word_1_354' title='bbox 1304 4728 1349 4762; x_wconf 89' lang='lat' dir='ltr'><strong>nos</strong></span> <span class='ocrx_word' id='word_1_355' title='bbox 1367 4715 1432 4764; x_wconf 90' lang='lat' dir='ltr'><strong>haud</strong></span> <span class='ocrx_word' id='word_1_356' title='bbox 1451 4714 1572 4767; x_wconf 88' lang='lat' dir='ltr'><strong>immerito</strong></span> <span class='ocrx_word' id='word_1_357' title='bbox 1590 4730 1644 4765; x_wconf 90' lang='lat' dir='ltr'><strong>cor·</strong></span> 
     </span>
     <span class='ocr_line' id='line_1_41' title="bbox 421 4794 515 4859; baseline 0 -15"><span class='ocrx_word' id='word_1_358' title='bbox 421 4794 515 4859; x_wconf 83' lang='lat' dir='ltr'><strong>rectis).</strong></span> 
     </span>
    </p>
   </div>
   <div class='ocr_carea' id='block_1_5' title="bbox 0 0 1838 5700">
    <p class='ocr_par' dir='ltr' id='par_1_11' title="bbox 0 0 1838 5700">
     <span class='ocr_line' id='line_1_42' title="bbox 0 0 1838 5700; baseline 0 5"><span class='ocrx_word' id='word_1_359' title='bbox 0 0 1838 5700; x_wconf 95' lang='lat' dir='ltr'><strong> </strong></span> 
     </span>
    </p>
   </div>
  </div>
 </body>
</html>
