3668 5700
595 573 629 618 ru
653 572 869 618 srenrorrrncl
892 571 1096 618 carnencas.
1421 551 1461 620 3'3

230 717 398 781 libertatis
420 717 575 798 propriae
597 719 807 792 amatores»;
829 718 988 779 Petrarca
1012 717 1124 793 signat
1146 717 1299 802 legens:
1322 720 1458 794 Audite,

237 831 444 890 Veroneases
457 826 489 888 et
504 825 685 887 Pedicant!
701 822 896 887 Summariis
917 825 1049 888 scilicet
1069 824 1308 888 communibus
1323 825 1460 888 iamiam

229 932 460 1008 intellegimus
489 933 682 994 Petrarcam
706 931 871 995 nonnulla
902 932 1007 994 animi
1037 931 1226 995 intentione
1257 931 1490 996 Pontificum,

230 1041 460 1102 Romanorum
474 1038 651 1101 historiam
666 1039 914 1118 perspexissc¹,
937 1056 1001 1100 nec
1020 1040 1151 1102 minore
1172 1039 1349 1118 diligentia
1368 1057 1423 1103 res
1442 1058 1462 1102 a

229 1145 434 1211 Normannis
450 1144 491 1206 ad
507 1145 656 1208 Siciliam
672 1144 893 1223 subigendam
910 1148 1023 1223 gestas
1040 1147 1254 1211 traciauisse.
1273 1145 1369 1219 Quod
1384 1148 1460 1210 eius

230 1253 418 1317 studiorum
448 1269 573 1330 genus,
595 1269 793 1333 quanquam
816 1253 1002 1316 iniierunt
1025 1260 1334 1317 mernoraadarum
1362 1252 1459 1318 libris

230 1361 438 1424 recentiores
452 1359 518 1421 uiri
533 1376 776 1442 nonnunquam
798 1365 1118 1437 commemorantur,
1136 1361 1246 1424 adhuc
1260 1364 1374 1424 tamen
1390 1378 1459 1424 non

232 1470 315 1532 satis
332 1467 528 1530 claruerat².
840 1527 848 1549 χ

271 1577 347 1639 Non
361 1573 645 1654 historiographis
668 1577 801 1638 tantum
826 1575 928 1638 medii
953 1575 1040 1654 aeui,
1062 1575 1121 1638 sed
1137 1576 1341 1659 geographis
1356 1577 1459 1639 etiam

232 1682 430 1764 aliquandiu
454 1680 591 1743 uidetur
613 1681 799 1745 studuisse.
830 1683 1020 1760 Regionum
1049 1683 1187 1764 quidem
1211 1683 1458 1763 descriptiones

233 1789 275 1854 ab
304 1790 359 1853 his
385 1787 610 1872 scriptoribus
640 1790 793 1853 conditas
825 1791 924 1870 parui
943 1789 1104 1869 ducebat3
1136 1791 1318 1854 Hiberniae
1345 1795 1459 1853 autem

233 1899 447 1962 notissimam
462 1896 718 1978 topographiam
736 1896 904 1960 aGiraldo
920 1897 1119 1960 Cambrensi
1133 1896 1328 1978 (Gtraadde
1339 1897 1460 1980 Barrt)

232 2007 447 2087 compilatam
482 2005 620 2067 omnino
648 2021 717 2066 non
752 2004 978 2085 despiciebat,
1011 2006 1091 2086 quia
1127 2007 1162 2066 in
1199 2007 1361 2086 epistula,
1392 2024 1460 2088 qua

233 2114 274 2176 dc
296 2113 364 2177 situ
385 2113 509 2194 Thyles
530 2113 662 2175 insulae
687 2112 872 2174 disseruit:
891 2112 1112 2188 «Libellus»,
1139 2113 1194 2190 ait,
1212 2133 1273 2175 a...
1291 2131 1310 2174 a
1325 2113 1459 2190 ¹(liraldo

235 2241 251 2282 a
267 2220 413 2302 quodam
438 2219 549 2282 aulico
576 2219 715 2282 Henrici
745 2219 886 2284 secundi
915 2219 1003 2297 regis
1028 2219 1229 2296 Anglorum,
1261 2217 1342 2282 licet
1364 2219 1461 2282 tenui

236 2347 381 2391 ererum
406 2328 494 2403 stilo,
519 2345 587 2390 uon
611 2327 687 2389 rudi
712 2331 825 2390 tamen
851 2326 1035 2389 uerborum
1058 2331 1127 2388 arte
1143 2331 1341 2404 contextus,
1359 2345 1460 2408 quern

239 2456 255 2500 c
271 2453 313 2498 ne
328 2439 436 2498 totum
452 2433 680 2497 bibliothecae
693 2437 831 2498 nostrae
845 2433 976 2496 foribus
992 2433 1222 2513 excluderem,
1233 2433 1350 2498 breuis
1365 2453 1463 2515 quae·

235 2563 250 2603 u
270 2541 346 2604 dam
361 2542 471 2622 ipsius
493 2541 662 2622 particula
680 2542 878 2624 promeruit,
893 2539 953 2603 ubi
975 2540 1016 2602 de
1033 2539 1099 2602 hac
1115 2540 1231 2604 eadem
1246 2541 1360 2604 insula
1384 2558 1465 2604 nos-

237 2654 341 2713 atrae
365 2649 485 2712 similis
510 2651 543 2710 ei
562 2665 706 2731 operosa
726 2647 894 2711 dubitatio
918 2649 1047 2710 inserta
1063 2647 1117 2710 sit.
1136 2650 1254 2728 ltaque
1275 2646 1462 2710 similitudo

235 2777 251 2818 «
267 2775 335 2819 una
354 2756 483 2834 ingenii
500 2755 582 2818 mihi
598 2755 700 2818 totius
720 2756 835 2837 operis
856 2755 1109 2818 commendauit
1124 2754 1325 2822 auctorem&
1339 2775 1354 2816 n
1369 2753 1461 2817 Idem

232 2881 316 2944 opus
331 2865 367 2926 iu
383 2864 528 2926 Pliniani
549 2864 601 2926 sui
618 2861 746 2926 codicis
766 2861 904 2926 scholiis
921 2861 985 2926 sub
1006 2863 1228 2944 inscriptione
1247 2865 1296 2926 Dc
1317 2867 1463 2926 attrahi·

157 3033 162 3044 ,
234 2951 320 3035 tibus
336 2975 525 3035 Hiberniae
540 2969 690 3051 protulit.

273 3079 434 3156 Vulgaria
457 3077 593 3160 quidem
623 3080 780 3158 poemata
809 3077 1001 3139 Petrarcam
1030 3078 1154 3155 legisse
1184 3081 1302 3140 notum
1329 3082 1392 3156 est,
1421 3077 1462 3140 de

234 3187 360 3268 quibus
374 3189 409 3249 in
427 3203 573 3248 excursu
589 3185 650 3248 Vll
665 3184 743 3247 libri
759 3183 953 3260 Patraeque
969 3187 999 3248 ci
1016 3184 1261 3248 t'Harauatsrae
1276 3186 1401 3256 omnia,
1423 3188 1462 3247 ut

267 3520 289 3568 1.
303 3519 391 3568 Nescio
406 3532 463 3566 num
477 3518 508 3567 ab
523 3517 554 3565 iis
569 3516 692 3566 Francisci
705 3516 795 3565 studiis
808 3515 929 3580 originem
941 3515 1043 3565 traxerit
1057 3517 1186 3566 notissima
1200 3520 1272 3580 atque
1286 3517 1348 3566 laisa
1363 3518 1466 3581 inscrip-

234 3610 269 3658 tio
290 3607 399 3657 fasciculi
420 3607 548 3655 cuiusdam
564 3606 667 3655 citarum
684 3605 829 3654 Pontificum
845 3605 925 3653 italice
948 3605 1033 3668 scripti
1052 3609 1075 3654 et
1092 3620 1146 3654 cum
1163 3606 1292 3655 Petrarcee
1308 3607 1404 3655 nomina
1417 3606 1464 3654 im-

236 3698 325 3760 pressi.
350 3697 443 3762 (Prima
458 3696 542 3758 editio,
564 3695 677 3754 Venitiis,
703 3694 773 3750 1507,
789 3693 969 3744 demonstratur
990 3709 1003 3742 a
1027 3695 1068 3743 W.
1089 3682 1168 3755 Fisus,
1186 3693 1272 3746 Garat.
1288 3697 1321 3757 of
1336 3695 1464 3746 Petrarcb

236 3786 326 3846 Bootis,
343 3784 532 3847 ithacae,1882,
546 3801 569 3848 p.
587 3784 637 3848 45.)
659 3784 730 3832 Auno
745 3784 818 3832 etiam
833 3783 902 3843 1715,
922 3783 1034 3832 Clemens
1045 3783 1081 3860 2ss
1096 3799 1145 3833 non
1165 3785 1288 3834 dubitauit
1301 3785 1360 3848 quin
1379 3789 1464 3834 traus-

236 3877 379 3939 criptionem
394 3889 482 3923 nouam
496 3875 605 3934 iusserit,
623 3873 653 3921 ad
669 3872 837 3921 Bibliothecae
858 3871 989 3922 Vaticanae
1007 3889 1085 3937 usum,
1103 3888 1175 3922 «cum
1193 3873 1223 3922 ab
1245 3875 1318 3922 editis
1337 3876 1465 3938 exempla-

237 3967 305 4014 ribus
321 3964 452 4026 plurimum
473 3963 638 4025 discreparet,
655 3976 685 4010 ex
700 3962 786 4010 codice
803 3962 988 4010 membranaceo
1004 3977 1048 4010 ms.
1065 3962 1213 4011 Farnesiano
1231 3963 1276 4011 sub
1291 3964 1344 4026 ipsa
1358 3964 1465 4013 auctoris

235 4059 345 4117 tempora
358 4056 476 4102 exarato»
498 4053 604 4116 (scribae
620 4052 780 4113 subscriptio,
798 4051 823 4098 in
841 4052 898 4099 Vct.
914 4053 976 4115 Req.
993 4053 1056 4112 77r,
1072 4051 1103 4100 eb
1116 4052 1221 4101 ilenrico
1241 4053 1360 4102 Nlunuccr
1378 4052 1463 4112 relata,

239 4142 325 4195 Calui.
336 4142 379 4192 dei
395 4143 453 4192 cod.
462 4140 665 4206 petrurcbcschi
679 4139 748 4190 delle
766 4139 826 4189 titt.
845 4140 1003 4199 Burberiaa,
1021 4141 1180 4206 Cirigiaaa...
1195 4143 1354 4202 eVaticoaa,
1365 4143 1465 4206 Romae,

238 4232 308 4295 1874,
324 4248 347 4296 p.
366 4231 415 4296 46).

267 4322 290 4372 2.
307 4322 375 4372 Unus
389 4322 559 4370 chronicorum
573 4321 679 4384 scriptor
695 4321 806 4370 inlibris
822 4322 881 4370 lter.
897 4335 973 4372 ruera.
992 4321 1113 4382 laudatur,
1128 4326 1227 4386 propter
1242 4323 1302 4386 stili,
1318 4327 1344 4372 ut
1360 4337 1465 4386 augura-

237 4424 299 4472 mur,
314 4411 477 4473 elegantiam:
497 4410 607 4458 «Horum
621 4410 752 4473 quidem»,
768 4409 802 4459 ait
817 4409 974 4469 Franciscus,
990 4411 1120 4461 «Maestus
1137 4411 1277 4468 Patauiaus,
1293 4426 1411 4461 nouarum
1426 4427 1466 4462 re·

236 4498 290 4548 'rum
305 4500 365 4548 satis
383 4500 469 4547 anxius
484 4498 645 4564 conquisitor,
665 4499 735 4546 testis
756 4500 812 4546 est»
829 4497 880 4561 (IV,
896 4497 925 4558 9;
950 4498 997 4562 Op.
1015 4498 1078 4560 493).
1096 4527 1124 4535 —
1145 4500 1224 4550 Locus
1240 4501 1270 4549 de
1290 4499 1360 4550 Cario
1377 4501 1465 4564 Magno

238 4583 383 4650 imperatore
398 4587 501 4636 Alcaico
515 4587 621 4636 tributus
636 4587 758 4648 protertur
774 4588 798 4634 in
817 4588 878 4636 Sea.
895 4587 912 4646 l,
931 4588 942 4635 l
960 4588 1018 4651 (Op.
1034 4587 1103 4649 700);
1121 4591 1145 4636 at
1160 4602 1217 4637 uere
1231 4588 1364 4654 Eginhardi
1380 4594 1427 4650 est,
1441 4590 1463 4640 iu

242 4677 300 4725 Vtra
320 4675 417 4735 Caroli,
433 4674 471 4725 10.

269 4765 293 4817 3.
309 4765 339 4815 V.
356 4765 450 4813 scholia
466 4765 557 4814 inedita
571 4765 596 4813 in
611 4766 641 4816 P.
657 4767 683 4816 et
698 4763 838 4823 ibernam,
853 4779 876 4830 p.
893 4763 948 4818 275,

270 4855 292 4905 4.
310 4854 392 4913 Faria,
411 4853 485 4916 lll,1.
