3668 5700
583 501 616 588 ru
639 543 855 590 eremoruacn
878 544 1077 591 curaturae.
1406 531 1444 593 25

216 689 389 765 posuerat,
406 688 445 747 ul
459 685 637 749 uictorIam
652 688 836 767 ancipitem
846 669 999 750 lacerer.
1013 688 1168 752 Psalterii
1184 707 1263 767 ergo
1279 690 1387 754 codex
1402 691 1445 752 ab

217 794 277 854 illo
294 793 391 856 tritus
406 795 442 854 In
460 791 676 856 bibliothecis
696 795 911 874 quaerendus
932 799 995 858 est.
1015 795 1132 858 Libros
1149 798 1269 860 Sacrae
1293 800 1445 878 Scriptu-

218 917 274 962 rae
298 903 367 962 tam
391 902 446 980 pie
471 905 608 982 tamque
638 899 849 963 familiariter
874 903 966 980 lagu,
993 907 1031 964 ut
1054 921 1132 964 eum
1156 906 1254 983 plura
1282 904 1444 968 habuisse

216 1008 437 1088 exemplaria
455 1008 498 1070 ob
514 1009 605 1072 sedis
621 1009 854 1089 domiciliique
875 1010 1086 1084 uarietatem,
1103 1011 1194 1072 haud
1211 1017 1337 1074 temere
1353 1030 1447 1076 asse-

217 1115 357 1179 ramus².
377 1116 493 1178 Solum
508 1135 550 1179 ex
566 1116 608 1178 iis
620 1114 898 1195 nunehabemus,
915 1116 951 1178 in
961 1119 1214 1189 portataeque,
1229 1121 1358 1182 saeculi
1369 1119 1446 1182 XIII

217 1223 392 1302 uergentis
408 1222 525 1286 codIee
542 1222 788 1304 semitoliisque
800 1224 857 1285 us
869 1224 1032 1298 conduct,
1045 1225 1234 1288 Leuiticum
1245 1245 1323 1288 eum
1338 1227 1444 1304 glosa,

217 1347 287 1392 una
301 1331 478 1394 Petrarcae
494 1329 711 1394 adnotatione
728 1329 928 1410 signatnm⁴.
1196 1311 1198 1322 ’

163 1567 169 1576 ·
258 1544 439 1608 codicibus
454 1548 591 1610 Sacram
607 1547 815 1626 Scripturam
828 1544 1081 1609 contiuentibus
1097 1547 1170 1610 iure
1187 1548 1446 1627 conlungendus

216 1652 363 1729 uidetur,
389 1647 448 1734 qui
478 1654 613 1734 losephi
635 1657 865 1730 Auliquttutes
893 1659 1054 1718 Iurlulcus
1079 1655 1219 1734 praebet
1242 1658 1277 1718 in
1306 1658 1447 1720 latinam

217 1760 368 1838 lingnam
390 1762 578 1842 antiquitus
598 1761 791 1840 translatas,
813 1779 877 1824 nee
894 1764 1063 1826 immerIto
1084 1763 1179 1826 libris
1205 1764 1446 1828 ecclesiasticis

218 1869 475 1930 translationem
489 1867 582 1929 illam
597 1886 873 1946 annumeremur,
891 1871 1016 1950 quippe
1032 1887 1120 1949 quae
1133 1873 1294 1950 temporis
1311 1873 1447 1934 Petrum

216 1991 303 2055 opus
325 1991 401 2038 esse
423 1975 610 2039 uerisimile
635 1977 703 2039 sill.
737 1975 898 2038 Eiusdem
921 1994 1058 2057 quoque
1086 1979 1261 2058 scrIptoris
1287 1984 1334 2040 De
1361 1983 1445 2042 bello

216 2087 357 2148 Iudaico
370 2083 475 2146 libros
492 2086 649 2148 Petrarca
663 2086 699 2146 in
714 2089 873 2167 promptu
888 2084 1034 2159 habaiu,
1052 2089 1086 2146 et
1104 2085 1176 2165 ipse
1200 2085 1411 2148 Lombardus
1427 2105 1447 2148 a

216 2193 331 2254 Serico
347 2209 384 2254 se
400 2192 536 2272 plurimi
551 2209 638 2272 opus
655 2191 766 2255 Iacere
782 2191 919 2271 latetur,
946 2209 1022 2254 cum
1047 2194 1082 2254 ln
1106 2196 1201 2272 parte
1227 2194 1356 2255 inerlila
1369 2193 1446 2256 libri

216 2304 265 2361 De
289 2299 377 2362 Varis
391 2302 593 2373 tltustrthus
611 2303 688 2379 post
704 2277 881 2362 Francisci'
894 2304 1036 2362 mortem
1053 2315 1072 2360 a
1093 2299 1261 2379 dleeipulo
1284 2299 1443 2377 absoluti,

215 2407 256 2468 de
277 2407 348 2468 uita
366 2407 569 2488 Vespasiani
588 2407 720 2488 TItique
743 2409 987 2488 imperatorum
1007 2423 1254 2486 nonnunquam
1276 2407 1361 2470 illud
1387 2425 1444 2470 se-

215 2513 365 2594 quatur⁷.
389 2515 496 2578 Immo
512 2530 655 2591 graecus
678 2514 863 2577 historicus
883 2531 902 2574 a
922 2512 1109 2576 Lcmbardo
1132 2513 1299 2591 laudatur,
1316 2518 1354 2576 ut
1372 2517 1446 2576 «nir
1535 2551 1537 2558 ι

219 2645 233 2676 «
251 2621 429 2700 industria
447 2622 596 2698 sturmis
612 2621 818 2703 eloquioque
834 2625 867 2684 et
883 2622 1004 2684 lilteris
1019 2623 1102 2684 tunc
1118 2617 1277 2700 temporis
1293 2624 1447 2685 omnium

219 2753 233 2784 κ
249 2729 529 2810 peritissimus»⁸.
553 2731 656 2792 Deest
677 2732 788 2792 aetate
806 2734 922 2792 nostra
939 2733 1026 2798 Belli
1041 2728 1148 2791 codex
1164 2747 1183 2790 a
1198 2730 1358 2806 magistro
1373 2730 1444 2792 dis-

217 2836 397 2918 pruloque
412 2840 614 2916 usurpatus;
632 2840 784 2899 remanet
800 2839 914 2898 autem
929 2841 1113 2900 Parisinus
1129 2838 1230 2908 5054,
1246 2835 1390 2910 duobus,
1407 2841 1446 2900 nt

250 3113 271 3164 1.
288 3114 325 3166 ot.
343 3115 390 3178 Op.
406 3115 435 3176 ll,
452 3129 475 3178 p.
492 3115 507 3164 9
524 3132 530 3164 ι
636 3185 639 3192 1

497 3231 560 3275 Hune
575 3243 643 3274 unum
658 3231 717 3274 canit
730 3243 768 3274 cre
781 3231 858 3286 Deum,
869 3243 936 3286 quem
949 3227 1013 3292 turba
1027 3231 1120 3274 deorum

496 3303 560 3346 Vlcta
572 3302 647 3346 tremit
656 3301 784 3357 caelumque
796 3307 850 3346 nutu
860 3303 899 3357 qul
910 3307 1019 3358 temperat
1034 3302 1147 3346 almum...

246 3406 270 3462 2.
288 3409 493 3474 Frequentissime
508 3411 534 3459 in
549 3410 673 3460 nonnullis
691 3411 761 3460 libris
776 3410 921 3472 epistulisue
940 3410 1039 3459 allartur
1061 3409 1189 3473 Sertptura
1208 3414 1232 3460 el
1251 3410 1276 3459 iu
1293 3409 1365 3474 epist.
1382 3409 1444 3461 Siue

215 3499 296 3549 titulo
310 3501 453 3566 saepissime
467 3515 522 3549 eum
536 3499 640 3562 Vergilii
655 3499 813 3549 carminibus.
830 3499 857 3548 ln
872 3500 941 3548 breui
956 3500 1066 3550 oratioue
1083 3514 1165 3548 coram
1182 3500 1272 3550 Ioanne
1285 3500 1305 3547 ll
1325 3501 1443 3550 Franciee

213 3589 376 3658 regehabitrq
390 3593 482 3656 septem
502 3593 526 3638 et
540 3589 640 3652 trigInta
654 3589 707 3637 loca
722 3603 753 3638 ex
765 3589 846 3638 l3iblia
861 3589 995 3638 atteruntur
1010 3590 1095 3653 (Meu.
1112 3588 1199 3637 divers
1213 3591 1286 3653 pre's.
1302 3591 1319 3638 ὰ
1339 3589 1441 3640 l'Acurl.

215 3678 262 3728 des
273 3680 367 3738 Iason,
384 3679 461 3728 series
475 3693 536 3742 sec,
551 3684 568 3727 t.
588 3678 627 3738 ΙΙΙ,
644 3694 668 3742 p.
684 3678 730 3727 211
745 3679 819 3741 sqq).

245 3768 271 3824 3.
282 3769 478 3827 340><2151nul
496 3769 608 3818 Pulchris
623 3769 758 3818 tultielibus
773 3771 913 3818 exornatus,
932 3769 957 3816 lu
973 3768 1077 3820 Castello
1088 3768 1204 3830 Papienst
1219 3783 1243 3819 n.
1259 3767 1306 3817 593
1321 3771 1439 3832 ugentes,

215 3857 240 3906 ln
254 3857 357 3922 Francia
371 3873 429 3908 nero
443 3859 568 3908 Ludouico
583 3858 638 3906 XIV
648 3861 765 3922 regnante
780 3858 869 3906 iterum
882 3858 981 3920 ligatus.

246 3947 271 3997 1.
287 3947 312 3996 F.
330 3947 383 4006 101,
400 3949 429 3997 de
447 3963 510 3998 anno
524 3947 649 3997 iubilero.

246 4035 269 4086 5.
292 4037 328 4085 De
352 4037 489 4101 Hegesippo
513 4038 553 4101 qni
575 4037 664 4086 dicitur
687 4035 784 4099 losepbi
806 4036 949 4098 interprete,
975 4051 998 4085 v.
1022 4034 1089 4085 Max.
1112 4034 1166 4100 lau,
1189 4036 1286 4087 Studt'u
1311 4037 1441 4097 Amores,

214 4139 240 4188 p.
256 4123 338 4186 61-68,
356 4127 398 4188 qui
412 4125 595 4176 translationem
609 4125 677 4176 Rell.
692 4125 751 4175 Iud.
767 4124 897 4174 Ambrosio
913 4125 1006 4174 tribuit.

246 4214 271 4266 6.
286 4215 313 4264 In
328 4216 456 4265 Petrarcae
474 4215 574 4265 scholiis
590 4215 647 4264 libri
661 4214 731 4264 Belli
746 4214 851 4264 citantur
874 4214 906 4278 (v.
932 4215 961 4264 P.
982 4217 1008 4262 et
1025 4213 1132 4274 l'Iqur„
1154 4215 1178 4262 in
1202 4216 1302 4280 indice).
1328 4215 1354 4264 ln
1380 4217 1441 4267 Pur.

216 4309 292 4363 sort,
307 4305 324 4353 1.
341 4303 365 4369 1,
380 4305 497 4368 prooemii
513 4305 711 4370 Antiquitatum
729 4305 809 4354 locum
825 4305 940 4352 Petrarca
955 4305 1007 4367 ipse
1023 4305 1059 4352 sic
1074 4308 1140 4354 notat
1152 4305 1177 4352 in
1192 4305 1319 4367 margine:
1335 4305 1445 4354 Videtur

214 4395 286 4459 quod
298 4395 442 4444 secundum
455 4392 552 4442 librum
559 4394 647 4458 primo
660 4393 776 4458 scripsit.
791 4420 820 4430 -
835 4393 947 4442 Narratio
961 4393 987 4441 in
1002 4393 1062 4442 Iter.
1079 4408 1154 4441 mem.
1167 4393 1206 4452 IV,
1227 4392 1239 4440 1
1256 4393 1313 4457 (Op.
1330 4393 1386 4456 tot)
1401 4393 1445 4442 ha-

214 4483 267 4534 bite
279 4485 381 4534 sumitur
390 4498 420 4535 ex
433 4483 501 4534 Bell.
517 4483 577 4532 Iud.
593 4483 633 4545 Ill,
649 4483 673 4544 I,
689 4482 712 4532 9.
725 4510 754 4519 -
764 4483 792 4532 ln
806 4483 883 4548 Apol.
898 4483 993 4532 contra
1011 4482 1094 4540 Gall,-
1108 4501 1119 4526 a
1128 4481 1246 4544 Iosephus
1260 4483 1443 4532 scholasticus»

215 4573 304 4622 citatur
317 4573 347 4622 de
363 4573 412 4628 filio
427 4572 532 4622 Herodis
555 4571 612 4636 (Op.
628 4571 708 4635 1019).

244 4661 269 4713 ’1.
286 4661 322 4713 Gt.
333 4661 439 4722 Nonuac,
454 4663 540 4712 te-De
554 4661 621 4711 Viris
636 4659 787 4710 illustribus
802 4661 834 4708 de
851 4649 890 4720 P„
910 4659 1019 4720 peristis,
1031 4659 1100 4719 1890,
1112 4659 1175 4721 pta
1185 4663 1209 4708 et
1223 4659 1262 4711 79.
1273 4660 1299 4708 In
1310 4661 1349 4709 De
1367 4662 1442 4720 Viris,

213 4751 255 4801 ed.
267 4751 371 4813 Bonan„
386 4757 404 4802 t.
421 4751 439 4814 I,
454 4767 479 4815 p.
491 4751 546 4814 stt,
562 4751 618 4813 818,
636 4751 663 4800 ut
678 4750 777 4814 losephi
793 4751 891 4800 mentio.

244 4841 268 4891 8.
284 4843 345 4892 Par.
363 4846 433 4891 6069
451 4843 480 4901 F,
492 4843 508 4892 l.
527 4841 580 4890 185.
601 4840 638 4888 ot.
655 4840 679 4890 ll.
697 4839 762 4900 184¹,
783 4839 836 4900 193,
852 4843 898 4888 etc.

1354 4929 1366 4971 8
