3668 5700
572 535 606 578 ru
629 533 844 580 stairorrrsnn
865 524 1065 581 rnrtlncln.
1395 521 1435 584 15

208 675 520 740 tibus.'Romanae
551 678 778 759 antiquitatis,
804 679 840 739 in
874 695 944 758 qua
971 681 1101 742 cronos
1136 684 1197 743 Det
1228 681 1336 743 multa
1364 686 1432 758 est,

204 786 346 848 nomina
366 786 548 866 praecipue
569 784 636 849 sub
659 785 770 848 oculis
794 786 981 863 legentium
1005 786 1041 847 in
1064 787 1218 863 margine
1243 785 1434 851 afferuntur

204 897 266 955 aut
280 893 420 956 scholiis
434 893 660 957 illustrantur.
679 895 771 966 Quae
786 911 841 956 res
857 894 979 956 clarior
993 892 1031 955 tit
1050 894 1234 975 exemplis:
1248 895 1318 958 Fol.
1332 897 1369 960 19
1385 892 1433 974 (in

204 999 267 1064 lib.
291 1001 348 1078 ΙΙΙ,
366 1018 439 1080 cap.
460 1002 499 1066 28
516 1021 523 1063 :
543 1025 557 1058 (ι
569 1003 644 1064 Una
663 1018 747 1064 uero
769 1000 917 1082 [urbs]...
937 1003 1008 1063 tota
1028 1003 1124 1065 iussa
1145 1006 1195 1065 est
1215 1001 1452 1085 trucidaris),

211 1111 352 1171 Vitiatur
371 1113 481 1184 sutem
499 1113 633 1182 Sulmo,
649 1112 687 1172 ut
707 1111 836 1172 rtorrot
858 1115 983 1172 riorus
1001 1114 1037 1172 ta
1057 1114 1141 1173 tatto
1163 1107 1271 1173 Morti
1292 1112 1324 1172 et
1342 1113 1433 1174 Sttte.

204 1217 240 1280 F.
260 1217 313 1279 30'
328 1215 394 1296 (IV,
412 1219 427 1279 1
452 1237 459 1278 :
481 1218 636 1279 «Romae
662 1221 764 1279 natus
786 1219 820 1278 et
840 1214 1059 1299 educatust),
1083 1222 1175 1280 Attea·
1196 1220 1323 1294 lenitur
1345 1223 1434 1293 quod

212 1328 325 1388 Varro
346 1327 416 1399 suit
430 1327 566 1388 cottone
584 1324 846 1388 Narbonensir.
865 1325 900 1386 F.
918 1324 953 1386 31
972 1323 1039 1404 (IV,
1058 1325 1097 1406 5),
1119 1330 1192 1389 Hoc
1211 1327 1346 1401 aestum
1364 1328 1434 1400 suit

203 1433 373 1508 spartam
391 1434 584 1508 aladiatore
603 1436 704 1504 draca,
719 1437 907 1494 secundant
927 1437 1079 1495 Florum.
1098 1433 1133 1495 F.
1150 1432 1288 1512 51'(v1,
1306 1431 1349 1514 9),
1366 1436 1432 1496 Hic

204 1541 318 1613 operti
331 1555 396 1613 que
408 1541 516 1613 fuerit
532 1540 673 1603 traiectio
688 1541 720 1601 et
732 1543 846 1615 opinio
867 1543 1034 1602 Varronis
1049 1544 1089 1603 ue
1103 1543 1206 1604 uto...

246 1645 420 1726 Aptiorem
455 1645 581 1722 legenti
619 1645 881 1709 delectationem
923 1646 1095 1708 adnotatio
1135 1644 1247 1721 affert,
1285 1649 1456 1726 tempore·

203 1753 392 1834 posteriore
407 1751 549 1828 adiecta,
562 1753 597 1814 in
611 1769 682 1815 uno
694 1753 847 1816 locorum
862 1751 988 1832 quibus
1002 1753 1216 1829 Augustinus
1232 1753 1368 1834 Imperii
1383 1755 1435 1816 in-

204 1859 423 1923 clinationem
438 1859 602 1941 deplorat,
616 1858 638 1923 l.
651 1860 689 1923 32
705 1857 803 1941 (tva
818 1879 824 1920 :
840 1861 1056 1922 «Romanum
1066 1862 1252 1942 Imperium
1268 1860 1434 1924 afflictum

204 1972 260 2032 est
273 1967 457 2049 potiusque
472 1970 641 2029 mutatum
653 1967 682 2049 a)
702 1986 708 2028 :
726 1971 826 2030 Nunc
844 1972 881 2029 tn
900 1984 991 2030 unito
1012 1969 1099 2030 1512
1115 1971 1286 2044 afflictum
1303 1986 1354 2040 re,
1371 1972 1435 2032 etat

204 2093 275 2139 noa
300 2080 436 2140 nomiae
455 2078 642 2147 mutatum,
658 2077 691 2138 et
712 2077 961 2138 auctoritatum
983 2073 1059 2139 aar.
1078 2075 1151 2136 Hoc
1176 2076 1266 2137 enim
1289 2093 1377 2139 anno
1397 2078 1432 2139 in

205 2183 306 2245 ltalia
320 2182 512 2246 Germanioi
527 2183 660 2263 Imperii
676 2181 824 2259 dignitas
839 2183 875 2243 in
894 2181 967 2245 dios
983 2180 1160 2244 minuebat
1175 2200 1297 2263 resque
1313 2185 1432 2246 Roma·

207 2307 273 2352 nae
284 2291 384 2372 lapsu
395 2289 550 2367 grauiore
562 2285 717 2367 ruebant,
730 2287 821 2371 quod
834 2289 889 2350 hio
900 2289 1047 2368 epistula
1060 2291 1203 2352 metrica
1212 2291 1378 2354 Clementi
1388 2291 1432 2353 Vl

203 2415 312 2478 papae
334 2398 522 2460 nouissime
547 2400 660 2459 creato
683 2394 847 2474 dedicata,
872 2395 972 2458 Urbis
995 2397 1081 2458 sicut
1107 2395 1244 2471 uiduae,
1268 2395 1433 2460 Pontifice

203 2509 239 2568 et
254 2505 459 2584 Imperatore
470 2504 600 2566 maritis
611 2504 682 2566 suis
695 2504 796 2568 simul
807 2503 972 2584 priuatae,
985 2502 1261 2566 lamentabatur.
1276 2505 1433 2567 Fortasse

202 2612 461 2675 adnotationem
476 2605 513 2673 in
527 2612 624 2674 Valle
640 2611 762 2674 Clausa
777 2611 925 2691 scripsit,
942 2611 1008 2673 hoo
1021 2628 1111 2674 anno
1127 2611 1217 2689 1342,
1233 2612 1311 2674 crim
1327 2612 1430 2674 Nico·

201 2719 249 2781 lai
263 2720 376 2782 Rentii
392 2719 521 2782 tribuni
541 2735 719 2799 nunquam
735 2722 834 2780 antea
847 2720 915 2780 uisi
931 2719 1112 2799 colloquiis
1128 2718 1430 2781 Aueniononsibus

202 2827 339 2890 animus
353 2831 447 2890 totus
464 2824 607 2890 arderet.

245 2937 272 2997 A
287 2933 436 3016 capitulo
451 2934 594 3014 septimo
604 2931 682 2995 libri
696 2932 757 2994 XII
774 2949 814 2995 ea
828 2949 931 3013 quam
947 2936 1104 3012 putamus
1120 2933 1293 2995 Francisci
1306 2950 1430 2996 manus

202 3043 310 3106 rarior
323 3039 362 3104 fit
378 3061 385 3103 :
402 3041 516 3104 uarias
533 3041 666 3121 aliquas
680 3039 858 3115 lectiones,
876 3042 913 3101 ut
928 3041 1024 3115 solet,
1042 3040 1137 3120 ponit
1154 3038 1356 3120 scribaeque
1372 3057 1431 3101 ne·

202 3149 408 3227 glegentiam
423 3149 574 3212 resarcit.
592 3147 673 3209 Tam
688 3165 828 3228 paruam
842 3165 925 3209 uero
941 3145 1195 3209 adnotationem
1210 3146 1357 3208 admittit
1369 3147 1431 3209 Pa·

202 3256 337 3342 duanus
348 3255 467 3332 codex,
481 3271 677 3336 quanquam
688 3251 924 3336 frequentibus
940 3253 1024 3315 locis
1038 3253 1072 3316 in
1085 3253 1261 3315 Petraroae
1273 3251 1433 3333 operibus

205 3365 335 3426 Ciuitas
350 3361 538 3435 laudatur,
556 3364 594 3424 ut
609 3359 701 3423 aliud
717 3361 975 3441 elegantiusque
989 3359 1075 3426 forte
1092 3360 1273 3441 exemplar,
1292 3378 1360 3441 quo
1376 3378 1432 3422 ae-

203 3472 273 3532 tate
287 3469 355 3532 iam
370 3467 503 3532 firmata
517 3469 695 3550 potissime
710 3485 797 3531 usus
812 3469 867 3545 sit,
879 3469 976 3530 illum
991 3467 1154 3531 habuisse
1169 3466 1356 3531 credamus.

236 3792 258 3842 1.
277 3792 346 3844 Errat
360 3793 505 3844 Franciscus
521 3795 546 3842 in
563 3795 710 3853 nominibus,
726 3808 781 3844 oum
794 3795 818 3842 in
833 3798 913 3845 urente
927 3793 1015 3844 habeat
1025 3792 1051 3846 S.
1064 3793 1203 3857 Hieronymi
1214 3793 1298 3854 uerba,
1310 3793 1353 3841 Ad
1362 3793 1426 3846 llas.

203 3881 302 3934 Chron.
317 3883 353 3932 od
364 3897 389 3933 α.
406 3887 483 3943 tras,
498 3883 528 3932 de
543 3882 652 3932 Varrone
661 3884 774 3934 Atacino.

220 3961 256 4020 a.
273 3971 309 4021 Gt.
326 3972 505 4022 adnotationem
515 3973 541 4021 in
550 3973 608 4021 tollo
617 3971 648 4022 37
657 3972 708 4036 (IV,
719 3972 767 4021 29:
782 3992 793 4018 u
806 3971 976 4036 Significatum
990 3975 1028 4022 est
1042 3971 1153 4022 llartinm
1166 3975 1271 4036 gentem,
1282 3971 1308 4019 id
1323 3973 1361 4019 est
1373 3969 1426 4019 Ro·

201 4074 308 4122 manain,
324 4062 414 4111 nemini
428 4063 507 4112 locum
522 4076 593 4126 quem
608 4066 701 4112 teneret
715 4062 857 4125 daturam»)
874 4076 880 4109 ε
895 4062 972 4111 Istud
982 4061 1135 4126 proruptum
1148 4060 1200 4110 cito
1215 4059 1333 4113 euanuit.

233 4195 257 4248 3.
642 4204 679 4248 Sin
692 4217 727 4248 mo
737 4206 822 4261 fregere
833 4204 921 4248 labores

525 4276 618 4320 Assidui
630 4278 754 4334 longusque
764 4275 826 4320 dolor
837 4277 975 4333 uiduumque
985 4276 1066 4326 cubile,

523 4349 707 4406 Coniugibusquo
719 4349 796 4394 orbata
805 4350 895 4394 domus.

236 4484 273 4534 ot.
289 4486 398 4544 Znunnu,
413 4485 545 4536 Studtsul
558 4488 687 4536 Petrarca
702 4487 741 4550 (P.
758 4500 771 4534 e
786 4485 928 4550 timpum),
944 4487 1054 4550 Neapoli,
1073 4485 1142 4545 1878,
1153 4499 1177 4548 p.
1194 4481 1241 4534 189
1258 4500 1310 4549 sqq.

236 4575 260 4624 l.
276 4575 453 4638 Nonnunquam
468 4589 530 4637 opus
544 4575 685 4625 nominatur
700 4575 782 4624 «liber
800 4576 907 4625 civitatis
927 4579 1061 4626 aeternae»
1083 4590 1126 4624 seu
1150 4576 1232 4624 «liber
1246 4575 1359 4624 caelestis
1373 4574 1427 4623 rei-

204 4664 319 4728 publicae
327 4683 338 4709 n
354 4665 461 4728 (erga,
472 4663 569 4714 Contra
578 4665 647 4715 med.
659 4665 703 4726 lll;
725 4665 772 4731 Op.
784 4665 846 4715 1103
861 4669 884 4715 ot
898 4665 977 4728 1106).
992 4666 1017 4713 ln
1033 4665 1137 4728 epistula
1148 4679 1196 4728 qua
1210 4664 1295 4714 mortis
1309 4679 1324 4713 a
1337 4662 1428 4713 Catone

202 4758 292 4817 sponte
307 4758 416 4818 sumptae
430 4752 554 4804 Ciceronis
568 4755 748 4803 excusationem
763 4755 886 4818 uituperut
901 4769 907 4802 :
928 4774 939 4799 α
949 4755 1045 4815 lllam,»
1063 4753 1149 4818 inquit,
1171 4735 1364 4802 «sententiarum
1383 4768 1429 4803 re-

205 4865 217 4888 «
236 4844 391 4906 pugnantiam
405 4843 515 4906 quamuis
530 4845 560 4892 ab
582 4844 679 4892 ineunte
698 4848 776 4893 aetate
793 4844 979 4906 perpenderem,
999 4848 1080 4892 tamen
1096 4843 1258 4892 uerecundius
1279 4845 1428 4905 asserebam,
