3668 5700
578 541 612 588 1s
636 543 853 590 cinnornncn
876 542 1078 591 rurnsncsn.
1402 532 1441 595 ⁴23

217 687 374 765 aialcaas
405 691 493 750 beati
522 693 681 765 Greqorii
704 704 795 765 pape
822 695 1037 767 eiasaernqne
1064 695 1209 766 apacani
1235 693 1333 756 Petri
1360 697 1440 756 iibri

217 799 368 872 anatnor
390 800 430 860 cte
447 797 521 859 nita
544 797 595 875 [et]
616 801 798 860 miraculis
819 796 963 861 Patrnrn
986 802 1194 870 italicorum,
1224 803 1256 863 et
1279 805 1320 863 cte
1347 803 1439 864 atita

215 907 419 968 sanctornm
433 907 465 968 et
477 908 708 982 reproborum
721 907 752 968 et
767 910 808 968 de
820 908 1001 970 eternitate
1014 911 1225 971 animarum.
1234 910 1307 980 Qua
1321 908 1441 970 ultima

216 1011 354 1075 rubrica
382 1014 532 1092 Gregorii
562 1031 649 1095 opus
677 1011 877 1090 designatur
904 1015 964 1094 qui
991 1014 1189 1078 inscribitur
1211 1020 1374 1092 Dialopas
1402 1017 1439 1078 in

215 1119 432 1185 editionibus.

257 1229 341 1310 Quid
364 1227 475 1292 dicam
498 1227 647 1311 denique
675 1229 716 1293 de
735 1235 900 1295 Parisino
922 1233 1028 1303 iile,
1054 1230 1206 1308 Gregorii
1231 1232 1439 1296 Commenta-

216 1337 306 1399 rium
329 1338 365 1398 in
387 1335 448 1399 Iob
477 1335 695 1400 exhibente¹t
722 1339 870 1416 Gatalogi
893 1339 1031 1421 quidem
1054 1337 1286 1402 Bibliothecae
1311 1341 1436 1418 Regiae

215 1445 467 1525 conscriptores
491 1445 744 1508 adnotationem
767 1447 917 1527 aliquam
939 1446 981 1510 de
1004 1447 1134 1524 origine
1159 1445 1287 1510 codicis
1313 1447 1435 1510 uiden-

215 1555 271 1614 tur
289 1551 445 1630 legisse²3
472 1570 653 1616 nuncuero
671 1554 765 1616 illam
790 1553 917 1616 frustra
931 1572 1133 1636 quaereres,
1155 1559 1189 1618 et
1212 1555 1248 1617 in
1272 1556 1436 1634 margini-

216 1658 293 1736 bus,
322 1661 456 1722 etiamsi
484 1677 601 1724 omnes
628 1661 814 1724 identidem
840 1662 1005 1735 uolueris,
1035 1679 1078 1724 ne
1099 1663 1278 1724 minimum
1300 1662 1438 1744 quidem

214 1768 373 1832 inuenies
397 1770 575 1832 Petrarcae
593 1769 788 1849 uestigium.
810 1769 922 1834 Codex
944 1771 1047 1848 igitur
1072 1788 1135 1833 nec
1159 1772 1326 1834 immerito
1350 1772 1439 1835 inter

216 1874 337 1938 dubios
352 1877 572 1940 collocamus.
823 1937 827 1946 .

256 1989 459 2048 Parisinnni
482 1986 582 2058 iila,
607 1989 646 2046 ut
668 1983 734 2047 fert
752 1986 868 2066 opinio
884 1987 1012 2064 nostra,
1035 1985 1071 2047 in
1086 1990 1200 2049 mente
1219 1985 1367 2049 babebat
1381 1986 1436 2049 hic

214 2096 419 2172 pociacum
434 2091 476 2154 ad
485 2091 623 2155 tratrem
631 2092 1107 2157 monachomcarthusianum
1119 2111 1187 2157 non
1204 2095 1277 2157 sine
1292 2093 1439 2175 quadam

216 2217 334 2263 sacrae
349 2191 551 2264 eruditionis
566 2199 804 2278 ostentatione,
816 2200 947 2263 litteras
962 2200 1117 2264 mittebat
1131 2225 1137 2262 ε
1151 2201 1286 2265 «Habes
1301 2203 1439 2266 Petrum

217 2331 234 2364 α
249 2308 349 2383 uitas,
367 2309 443 2371 illas
458 2309 594 2389 perlege
609 2312 646 2371 ut
661 2306 762 2385 facis„
775 2307 834 2370 ubi
850 2309 996 2372 amicum
1011 2310 1181 2386 inuenies
1199 2328 1302 2391 quem
1317 2312 1440 2373 testem

216 2441 233 2474 «
250 2417 393 2480 secretis
410 2417 563 2480 consiliis
583 2434 653 2480 non
672 2434 852 2501 recuses...
878 2417 966 2496 Lege
989 2418 1140 2496 Gregorii
1162 2418 1352 2498 Dialogum,
1370 2419 1440 2480 Au-

216 2547 233 2582 «
249 2525 377 2603 gustini
393 2525 580 2608 Soliloquia
594 2529 628 2589 et
642 2529 813 2589 scatentes
826 2526 976 2589 lacrimis
990 2525 1250 2590 confessionum
1264 2526 1382 2602 librae,
1398 2526 1440 2590 de

215 2656 233 2689 «
247 2631 374 2715 quibus
389 2633 528 2715 quidam
542 2633 677 2696 ridiculi
686 2633 843 2697 homines
858 2634 967 2698 ridere
983 2635 1103 2714 solent,
1119 2637 1157 2697 tu
1171 2635 1206 2697 in
1222 2635 1272 2698 eis
1288 2635 1441 2698 solamen

217 2764 234 2796 u
251 2758 290 2803 ac
318 2738 485 2819 refugium
513 2758 581 2804 non
610 2740 780 2804 mediocre
808 2742 1010 2822 reperiesi.»
1039 2743 1089 2804 De
1124 2742 1262 2804 Patrum
1297 2741 1440 2805 historia

214 2849 382 2930 opuscula
408 2851 537 2930 passim
570 2851 723 2914 nominat
752 2854 785 2913 et
814 2868 850 2913 se
878 2850 985 2912 Ticini
1012 2849 1188 2930 possidere
1216 2847 1341 2912 fatetur
1373 2849 1439 2912 hoc

213 2956 289 3020 loco
307 2975 314 3018 :
333 2959 531 3038 «scripsere
547 2961 580 3021 et
603 2958 660 3020 alii
682 2957 782 3020 multi
802 2975 857 3020 res
872 2957 913 3019 ad
930 2958 1074 3020 salutem
1092 2957 1312 3035 utilissimas;
1330 2956 1371 3019 de
1385 2957 1440 3021 his
1458 2961 1466 2978 '

215 3065 380 3146 «loquor,
407 3082 477 3128 non
502 3083 590 3147 quae
615 3065 759 3130 scientia
780 3065 927 3146 implent
942 3069 975 3128 et
991 3083 1094 3146 saepe
1109 3064 1256 3143 inflant⁴‚
1274 3064 1333 3129 sed
1348 3083 1437 3146 quae

213 3196 230 3229 u
247 3172 431 3237 deuotione
454 3173 575 3236 humili
588 3174 776 3237 humanum
791 3173 942 3236 animum
962 3173 1164 3249 accendunt,
1181 3177 1220 3235 ut
1233 3173 1439 3237 collationes

183 3273 185 3280 '
212 3305 229 3339 «
245 3282 383 3344 Petrum
407 3285 440 3344 et
463 3283 601 3345 Patrum
624 3283 724 3345 uitas.
752 3283 902 3353 Quarum
918 3281 1051 3362 aliquae
1066 3298 1134 3343 non
1149 3281 1276 3362 pietate
1291 3285 1434 3358 tantum,

212 3413 228 3446 ι(
245 3388 305 3452 sed
327 3391 522 3471 eloquentia
542 3388 698 3466 refertae,
728 3390 824 3453 miris
848 3389 958 3452 modis
982 3393 1016 3451 et
1038 3388 1201 3452 lectorem
1226 3389 1390 3453 adiuuant
1404 3393 1437 3450 et

211 3497 423 3560 «delectant.
445 3498 561 3570 Qualis
585 3501 638 3560 est
660 3498 839 3561 Athanasii
861 3498 1047 3573 Antonius,
1071 3497 1170 3560 cuius
1192 3498 1265 3560 uita
1287 3496 1436 3577 perlecta

204 3630 228 3662 ‚s
244 3607 358 3669 multis
382 3603 508 3687 proiuit
532 3605 574 3669 ad
597 3606 821 3670 imitationem
844 3605 982 3670 uitae...
1007 3607 1048 3668 nt
1070 3604 1197 3703 Seueri·
1212 3605 1378 3668 Martinus
1402 3607 1436 3666 et

208 3885 222 3915 u
238 3883 287 3918 non
301 3868 397 3918 Gallum
406 3883 461 3918 eum
472 3869 556 3932 tuisse,
568 3867 613 3919 sed
626 3865 756 3929 Senonem,
772 3869 819 3918 nisi
835 3866 898 3918 torte
912 3869 1015 3933 quadam
1027 3867 1170 3933 cognatione
1178 3867 1302 3918 barbariei
1318 3866 1435 3932 [adHer-

209 3977 221 4004 α
239 3959 325 4024 barici]
340 3953 425 4009 ornnes
442 3958 564 4010 Barbaros
579 3959 663 4008 Gallos
678 3959 752 4008 dicat.
772 3959 821 4008 Sed
836 3959 975 4023 disputator
995 3964 1095 4022 argutus
1110 3959 1237 4009 aduertere
1252 3958 1365 4009 debuerit
1380 3960 1432 4023 [ed.

208 4068 221 4093 u
237 4049 332 4111 debuit]
346 4063 395 4099 non
409 4063 505 4098 omnem
520 4049 712 4112 propositionem
727 4061 783 4098 esse
797 4046 939 4098 uersatilem
956 4049 1038 4098 :certe
1053 4050 1117 4098 euim
1132 4050 1211 4099 omnis
1226 4047 1310 4098 Gallus
1323 4053 1360 4098 est
1375 4048 1435 4098 Bor·

208 4156 220 4183 u
236 4139 320 4199 barus,
338 4140 382 4189 sed
397 4139 583 4198 nonzsssrbarus
597 4139 676 4187 omnis
686 4143 723 4187 est
734 4137 826 4187 Gallus.
836 4157 848 4183 n
857 4139 902 4202 (De
910 4139 1022 4204 Hugonis
1032 4139 1126 4204 origine
1138 4138 1217 4188 adhuc
1232 4138 1357 4203 disputent
1366 4137 1433 4188 docti

206 4245 221 4275 α
238 4228 294 4277 uiri.
310 4228 347 4277 Ci.
363 4225 496 4280 notitia.
512 4223 544 4278 de
560 4223 587 4278 ia
601 4225 713 4287 Fronce,
729 4233 747 4277 t.
762 4226 814 4289 XII,
831 4244 856 4292 p.
876 4227 900 4291 2,
918 4233 943 4278 et
957 4229 1120 4293 Biopraptiie
1133 4228 1295 4293 Betpiqaat.
1307 4228 1349 4287 IX,
1366 4227 1430 4291 676).

238 4317 262 4369 1.
282 4317 352 4369 Sacc.
363 4314 427 4366 Xlll.
444 4316 489 4367 231
500 4317 604 4368 semiiol.
619 4316 754 4372 540><355
763 4317 824 4366 mill.
834 4316 1085 4381 Lndouico-Pbilippo
1095 4321 1213 4382 regnante
1223 4317 1321 4380 ligatus.
1335 4317 1363 4366 ln
1373 4315 1431 4364 Cas-

205 4407 257 4458 telli
273 4408 402 4472 Pepicnsis
418 4409 556 4458 inuentario
566 4408 601 4458 sic
612 4408 793 4458 demonstratur
807 4408 852 4456 sub
863 4423 888 4456 n.
897 4407 943 4457 546
959 4422 964 4456 :
981 4406 1115 4470 «Gregorii
1131 4408 1188 4456 libri
1202 4407 1253 4469 xuij
1269 4420 1344 4469 snper
1353 4403 1395 4456 Iob
1406 4406 1431 4456 in

205 4513 254 4548 uno
269 4497 392 4548 uolumine
405 4512 501 4562 magno,
524 4503 623 4562 coperto
639 4475 706 4548 coito
723 4498 800 4548 rubeo
815 4511 880 4546 nouo
898 4511 952 4546 cum
966 4497 1079 4561 pluribus
1095 4496 1173 4546 clauis
1187 4495 1329 4547 auricalchi.
1344 4495 1433 4559 Incipit

203 4589 304 4654 Incipit
313 4588 441 4656 prolapus
452 4587 673 4654 explanationum
683 4585 805 4652 etflnitnr
817 4586 1011 4652 magnitudinis
1023 4584 1098 4660 itlius
1111 4585 1221 4635 intueri.
1237 4585 1288 4650 Sig.
1299 4584 1351 4648 viij.
1362 4603 1374 4629 υ

235 4679 260 4731 2.
276 4699 288 4725 «
302 4679 384 4729 Codex
399 4680 501 4738 membr.
518 4678 576 4728 olim
587 4677 627 4726 Fr.
643 4679 773 4727 Petrarcec
785 4694 797 4721 u
814 4676 842 4739 (t.
858 4676 899 4736 ΙΙΙ,
915 4691 941 4740 p.
956 4675 1022 4740 255).

235 4766 260 4816 3.
275 4767 349 4818 Fam.
366 4765 399 4829 X,
411 4765 435 4821 3.

235 4857 260 4906 t.
276 4857 330 4906 Vox
344 4862 381 4906 est
395 4858 422 4910 S.
435 4855 506 4908 Pauli
517 4857 632 4922 apostoli.
