3668 5700
579 565 612 610 in
634 565 854 613 5555555555
876 567 1076 615 5555555555.
1406 551 1450 614 35

213 710 378 770 Parisino
409 708 511 780 2589,
537 709 654 772 551155
686 711 817 772 5555511
848 711 923 772 XIV
947 711 1079 789 exiguo,
1111 711 1354 775 semifoliorum
1376 711 1441 783 56¹,

213 833 293 877 cum
308 815 540 896 insumptione
567 835 573 876 :
598 821 722 894 Incipit
745 823 928 882 Beniamin
946 825 987 881 oie
1010 823 1132 884 intiina
1157 823 1444 898 contemplatione

212 926 422 998 compositas
443 940 465 990 a
483 927 633 986 Ricardo
652 929 693 988 ae
714 928 836 990 Sancto
859 930 1000 990 Victore.
1019 927 1187 1000 Godlcem,
1205 931 1243 989 ut
1263 931 1355 990 recte
1375 927 1446 1006 opi-

213 1033 315 1092 natus
330 1034 383 1092 esi
396 1030 535 1106 0511515,
552 1031 689 1108 ignotus
704 1031 806 1095 homo
821 1037 941 1113 poetae
956 1033 1083 1097 donum
1098 1033 1216 1098 dedit².
1234 1035 1273 1096 In
1288 1035 1445 1098 inferiore

214 1137 358 1218 paginae
373 1137 512 1200 ultimae
528 1139 678 1217 margine
695 1142 787 1210 stant
802 1158 924 1203 uersus
943 1160 949 1202 :

464 1297 520 1362 Qui
534 1298 712 1358 benefactor,
728 1300 804 1352 habe
818 1301 1052 1366 contemplation
1066 1301 1193 1362 Ricardi,

465 1389 526 1451 Que
542 1389 628 1441 milio
640 1391 733 1442 Lucas
748 1389 876 1444 deuotus
892 1390 1067 1442 Geminiani.
1138 1429 1140 1433 .

216 1533 339 1613 Aliqua
354 1532 530 1610 signacula
544 1535 579 1595 in
598 1534 762 1610 margine,
780 1552 799 1596 a
821 1552 921 1597 manu
941 1538 1063 1614 poetae
1082 1534 1294 1598 hauddubie
1315 1539 1442 1616 posita,

217 1639 361 1708 scholiis¹
380 1643 494 1702 tamen
515 1638 767 1718 deficIeniibus,
790 1641 856 1704 uiri
881 1643 1071 1705 doctissimi
1096 1643 1293 1722 opinionem
1315 1643 1443 1707 confir·

217 1749 321 1809 mant.

256 1853 361 1915 Multo
386 1853 525 1916 maioris
552 1852 786 1918 aestimandus
810 1857 863 1918 est
890 1860 1078 1919 Parisinus
1108 1858 1211 1930 2925,
1241 1858 1332 1938 apud
1356 1859 1445 1920 Petri

217 1959 396 2023 abaelardi
412 1960 559 2024 editores
575 1961 700 2024 nobilis
717 1962 823 2024 codex
840 1979 904 2024 neo
919 1964 1058 2025 omniuo
1073 1964 1159 2028 uiriS
1175 1965 1316 2028 eruditis
1333 1965 1375 2026 ad
1388 1982 1444 2027 res

217 2069 394 2131 Petrarcae
413 2069 555 2131 intentis
575 2069 778 2146 incognitus.
799 2070 930 2148 Dignus
947 2074 999 2133 est
1021 2073 1134 2133 tamen
1153 2073 1212 2153 qui
1233 2073 1268 2133 in
1284 2075 1443 2134 accurata

218 2173 455 2256 disquisitione
478 2179 635 2256 ponatur.
668 2177 776 2239 Paruo
806 2177 940 2257 quidem
970 2178 1145 2239 uolumine
1170 2183 1234 2254 est,
1266 2178 1444 2242 semifoliis

219 2283 353 2362 seriptis
379 2284 447 2358 177,
474 2282 608 2345 duabus
633 2284 803 2347 columnis
826 2286 949 2364 pagina
971 2289 1162 2363 constante,
1179 2303 1283 2347 manu
1299 2284 1445 2366 quadam

218 2390 751 2453 051115555555115515555115
776 2392 951 2472 scriptus³.
979 2393 1118 2454 Miuutis
1144 2393 1205 2455 sed
1230 2391 1445 2472 elegantibus

218 2497 357 2576 picturis
383 2501 542 2578 quattuor
570 2498 719 2563 initiales
744 2499 877 2561 litterae
904 2498 1094 2562 ornantur⁴.
1122 2499 1244 2562 Insunt
1271 2517 1359 2581 quae
1389 2517 1444 2562 se·

157 2653 159 2658 ,
219 2607 371 2687 quuntur
386 2604 562 2668 rubricae:
589 2653 594 2665 .

259 2713 292 2774 F.
305 2715 335 2775 xI
364 2731 370 2773 :
397 2717 583 2776 Abaetarai
604 2718 648 2777 aot
670 2718 820 2776 ainionnt
844 2731 947 2777 sanni
968 2718 1200 2778 consolatoria
1225 2716 1273 2792 I:
1286 2717 1445 2776 Historia

218 2821 476 2898 catarniiatntnl.
504 2822 539 2882 F.
561 2822 599 2884 14
625 2840 631 2881 ;
657 2825 800 2884 Doniino
820 2838 883 2884 sno
907 2826 976 2884 irno
996 2824 1110 2896 patri,
1133 2825 1270 2897 caninat
1292 2836 1354 2883 sno
1376 2826 1445 2884 inco

217 2928 365 3002 fratri...
384 2931 577 2991 Abaetaroo
592 2929 772 3002 Hetonsa³.
794 2929 827 2989 F.
845 2929 882 2991 13
896 2948 902 2989 :
916 2931 1040 3004 Incipit
1054 2934 1224 3005 Aootopia
1238 2933 1446 3004 Berenaarii

218 3037 437 3097 Pictancnsis
458 3049 524 3109 pro
543 3027 711 3111 tnagistro
739 3037 845 3098 Petro
873 3035 1095 3098 Abaetaraol.
1127 3037 1161 3097 F.
1193 3036 1231 3097 45
1261 3035 1443 3114 [Eiusdem]

218 3144 320 3205 Patri
343 3144 376 3204 et
396 3146 532 3204 domino
557 3158 620 3205 sno
644 3148 681 3205 G.
708 3145 907 3204 Minnaiensi
930 3147 1099 3220 episcopo.
1121 3143 1156 3205 F.
1179 3143 1241 3205 47:
1261 3143 1445 3222 [Eiusdem]

220 3251 404 3312 Fratribus
421 3251 587 3311 Cartnsie.
605 3249 639 3310 F.
657 3249 711 3312 47'
730 3268 736 3310 :
759 3252 1131 3312 amiterninae.
1149 3253 1190 3311 A.
1218 3253 1312 3312 binii
1337 3254 1445 3312 eicient

253 3499 274 3548 1.
290 3499 373 3552 235><
383 3497 428 3548 150
438 3499 498 3548 mill.
514 3498 567 3547 Fuit
582 3498 606 3545 iu
617 3495 722 3546 Castello
738 3497 850 3559 Papiensi
860 3512 885 3546 n.
894 3497 948 3546 688.
959 3498 1083 3560 Regnaote
1097 3499 1352 3562 Ludouico-Philippo
1360 3499 1445 3548 iterum

220 3590 321 3652 ligatus.
526 3574 529 3588 ’

251 3679 275 3728 2.
293 3677 401 3728 Cabinei
413 3673 462 3726 'des
478 3693 549 3736 inse,
567 3682 583 3726 1.
602 3676 620 3736 Ι,
636 3691 660 3739 p.
673 3675 727 3727 139.
744 3676 825 3726 Italica
840 3690 927 3724 nomen
942 3679 1013 3724 sonat
1028 3677 1100 3726 Inoa
1116 3676 1273 3726 Geminiani.

252 3767 277 3819 3.
293 3767 340 3816 218
350 3780 378 3820 ><
391 3765 435 3816 150
450 3767 508 3815 mill.
525 3767 593 3814 Folio
608 3766 639 3815 ad
654 3769 729 3828 caput
743 3765 839 3814 5115515
854 3765 981 3827 signantur
993 3765 1053 3824 Α-Ε,
1065 3765 1095 3814 51
1111 3765 1202 3814 calcem
1214 3765 1329 3816 178-179.
1341 3767 1367 3815 In
1382 3767 1447 3830 prin-

222 3857 285 3920 cipio
306 3860 369 3905 sunt.
385 3857 459 3905 uerba
475 3871 480 3904 :
496 3857 528 3903 D.
546 3854 701 3906 Franciscbi'
725 3853 876 3910 Petrarctta
898 3853 988 3916 quibus
1006 3855 1105 3902 additur
1122 3855 1178 3919 fnit
1198 3856 1364 3916 (5111555555,
1381 3855 1447 3916 1.5.,

222 3961 246 4010 p.
261 3946 325 4010 139).
348 3945 514 3995 Bibliothecae
536 3944 633 3994 Castelli
653 3945 783 4007 Pupiensis
802 3944 964 3991 iuuentarium
986 3945 1095 3992 codicem
1115 3945 1292 3994 demonstrauit
1306 3946 1352 3993 suh
1366 3962 1390 3994 n.
1407 3946 1446 4006 70,

223 4051 267 4086 nec
282 4037 356 4084 multo
378 4039 435 4098 post
456 4035 529 4083 index
547 4035 570 4081 iu
587 4033 644 4082 lolio
659 4034 851 4096 ll·praepositus
865 4036 911 4082 551,
929 4032 956 4079 15
972 4032 1073 4081 Francia
1095 4033 1182 4082 iterum
1201 4033 1290 4098 ligatus
1307 4039 1353 4095 est,
1369 4035 1448 4097 Napo-

221 4125 290 4174 leone
306 4125 315 4172 I
329 4127 455 4188 regnante.

253 4213 276 4262 t.
292 4213 318 4263 F.
335 4214 359 4276 i,
374 4212 530 4262 Abaelordus
545 4216 568 4260 et
583 4211 689 4274 Heloyss
702 4211 795 4275 (uultus
816 4211 919 4259 feminae
941 4224 1026 4259 erasus
1041 4212 1101 4272 est);
1120 4212 1137 4262 l.
1152 4211 1192 4271 51,
1209 4211 1377 4260 Theodericus
1390 4201 1446 4273 ren;

223 4303 247 4352 u.
264 4303 294 4352 43
308 4303 386 4363 5191,
402 4303 544 4352 monachus.

254 4394 277 4442 5.
292 4393 457 4456 Epistularum
472 4392 550 4440 series
565 4395 602 4440 est
621 4391 697 4450 51115,
712 4403 814 4452 quarum
830 4389 914 4438 ultima
931 4389 1003 4452 (vill)
1019 4391 1044 4437 ln
1064 4390 1149 4439 codice
1164 4390 1264 4452 explicit
1281 4405 1286 4439 :
1303 4410 1314 4434 (ι
1325 4391 1408 4440 Valete
1423 4393 1448 4439 in

223 4481 327 4542 Christo,
344 4495 434 4544 sponse
457 4480 577 4528 Christi.»
596 4479 685 4529 Codice
706 4493 764 4527 usus
779 4482 817 4527 est
835 4479 879 4527 Ed.
902 4477 1009 4539 055555,
1030 4480 1131 4528 Lettres
1151 4478 1310 4528 d'tlbaitarct
1327 4481 1353 4528 et
1374 4480 1449 4530 (1115-

224 4571 286 4620 toise
309 4571 441 4621 tradnites
456 4571 492 4618 dn
508 4569 576 4619 latin
590 4585 638 4618 sur
654 4568 678 4617 15
694 4584 741 4618 ins.
758 4572 829 4620 2923
850 4569 882 4616 de
899 4567 926 4617 la
941 4568 1010 4618 Bibl.
1027 4567 1134 4632 Rogata,
1152 4569 1265 4631 Parisiis,
1281 4568 1349 4618 1837.
1360 4569 1448 4634 (Editio

224 4661 352 4724 posterior,
369 4659 439 4718 1853,
457 4659 687 4718 1555115515551.)
1322 4691 1324 4694 -

254 4749 277 4800 6.
295 4751 400 4798 Robrica
414 4763 461 4812 que
474 4749 573 4811 explicit
587 4747 719 4812 Apologia
734 4751 800 4796 notui
814 4748 903 4796 librum
917 4746 1060 4806 seeundum
1076 4746 1116 4807 qui
1131 4745 1210 4794 adhuc
1225 4747 1292 4795 latet.
1311 4746 1346 4796 Ci.
1363 4748 1449 4797 elbac—

224 4841 295 4891 155511
309 4855 350 4906 op.
365 4839 430 4889 aFr.
447 4837 562 4887 Amboslo
577 4838 651 4899 edita,
661 4836 771 4897 Parisiis,
784 4836 854 4897 1616,
870 4851 893 4902 p.
903 4836 958 4896 320,
974 4839 1016 4885 aut
1031 4835 1143 4894 hilduni.
1158 4835 1306 4898 CLXXVIII,
1317 4838 1362 4886 col.
1375 4838 1447 4890 1870.
