3668 5700
591 525 623 574 m
647 525 863 574 aratrornnca
885 525 1081 574 rarslncas.
1411 509 1448 575 41

225 669 332 738 codici
347 673 476 752 nostro,
487 671 665 738 semiloliis
675 672 717 736 ad
732 671 863 736 calcem
879 671 1032 746 adiectis,
1051 673 1188 738 notulas
1204 674 1452 758 secretissimas

225 780 460 845 commiserit¹.

266 1024 429 1105 Superest
443 1027 481 1086 ut
495 1024 658 1106 epistulas
680 1043 700 1086 a
718 1025 920 1104 Berengario
936 1025 1141 1105 Pictauensi‚
1158 1025 1339 1090 abaelardi
1354 1025 1453 1091 disci·
1472 1107 1475 1110 Ι
1532 1045 1535 1050 ·

226 1133 317 1212 pulo,
333 1133 369 1194 in
384 1132 538 1210 magistri
552 1131 785 1195 defensionem
801 1131 971 1196 conditas²
985 1151 1005 1195 a
1019 1134 1177 1197 Petraroa
1191 1136 1359 1218 perlectas
1375 1153 1453 1198 esse
1537 1188 1540 1200 .

223 1236 496 1318 patefaciam11s³.
506 1241 625 1302 Exstat
640 1241 675 1300 in
690 1244 716 1303 A
719 1244 860 1316 peropto
874 1242 996 1304 contro
1007 1246 1143 1307 Guttam
1157 1241 1199 1304 de
1214 1241 1272 1306 illo
1288 1245 1452 1325 scriptore

223 1345 337 1421 locuS,
368 1364 436 1427 qno
465 1345 730 1411 obtrectationes
760 1349 834 1432 eius
870 1347 1036 1411 aduersus
1062 1349 1093 1412 S.
1115 1350 1325 1412 Bernardum
1357 1349 1453 1412 alleri

223 1454 383 1517 Petrarca
394 1457 427 1516 et
437 1453 666 1518 abaelardum
675 1455 799 1515 iterum
815 1455 977 1532 nominat,
990 1454 1049 1518 sed
1060 1454 1223 1518 mediocri
1236 1457 1348 1528 laude,
1359 1459 1451 1538 qnia,

223 1565 262 1624 ut
283 1562 383 1624 nobis
412 1562 559 1638 uidetur,
585 1561 789 1642 opusculum
817 1563 915 1643 quasi
947 1561 1164 1628 bellatorium
1194 1568 1313 1626 contra
1340 1565 1452 1626 Gallos

224 1669 390 1744 scribens
409 1667 606 1732 aduersario
623 1686 687 1731 suo
708 1687 801 1732 arma
822 1673 1000 1750 suppetere
1020 1686 1090 1732 non
1109 1669 1211 1734 uultl.
1229 1671 1320 1734 Nihil
1340 1674 1453 1735 autem
1535 1677 1538 1688 “

224 1777 318 1840 aliud
334 1774 562 1854 cognoscebat
578 1775 619 1839 de
634 1775 915 1858 philosophorum
930 1774 1220 1856 disputationibus
1237 1780 1366 1842 saeculi
1378 1781 1451 1856 XII,

223 1901 327 1967 qnam
344 1883 435 1965 quod
450 1884 627 1948 Parisinus
644 1883 751 1946 codex
767 1883 879 1946 refert.
897 1885 1020 1946 Insunt
1034 1885 1068 1946 ln
1085 1885 1281 1963 Berengarii
1296 1888 1453 1967 epistulis

222 1993 410 2070 signacula,
439 1993 635 2067 summaria,
654 1993 794 2054 nomina
817 1993 852 2053 in
871 1991 1022 2069 margine
1047 1994 1167 2072 posita,
1185 1992 1311 2074 quibus
1335 1996 1453 2057 lectio·
1528 2051 1532 2060 ,

220 2117 300 2162 nem
320 2105 400 2162 nota
421 2116 545 2163 manns
565 2099 683 2161 testari
703 2099 804 2178 solet,
822 2103 855 2160 et
875 2098 1010 2179 aliquae
1031 2098 1332 2163 adnotatiunculae
1353 2103 1450 2184 parui

219 2208 395 2285 momenti,
413 2223 502 2286 quae
516 2208 642 2280 tamen,
663 2208 701 2267 ut
722 2221 776 2267 res
798 2205 936 2286 planius
958 2204 1026 2278 fiat,
1049 2206 1288 2286 proponendae
1309 2211 1409 2270 sunt:

221 2440 260 2501 (F.
275 2442 319 2500 463
336 2443 356 2490 t.
371 2439 403 2500 ll,
423 2451 451 2503 p.
467 2439 533 2502 788).
555 2436 669 2489 Colotes
687 2435 866 2501 loquacitate
881 2435 1021 2489 notabilis

252 2533 329 2589 rodit
342 2536 493 2589 Platonem
509 2536 671 2601 principem
690 2535 924 2600 philosophiae...
939 2536 1022 2588 Luci-

252 2637 310 2689 lius
319 2637 456 2696 Ennium,
472 2635 611 2688 Horatius
624 2635 772 2686 Lucilium
783 2635 917 2688 lacerat..
928 2675 940 2704 .—

221 2733 306 2784 Solus
329 2732 504 2784 Ambrosius
529 2730 566 2780 ab
589 2729 670 2781 omni
698 2729 875 2794 suspicionis
901 2728 1023 2782 infamia
1077 2714 1206 2788 Mamm
1221 2719 1450 2778 causamme-

251 2828 413 2884 liberast...
1116 2828 1171 2874 stt.

222 2947 305 3001 Unde
325 2949 445 3013 Seneca,
463 2948 617 2999 Caesarem
640 2945 794 3010 alloquens
814 2960 820 2994 :
846 2951 960 3010 Caesar,
980 2946 1024 2996 in·
1077 2913 1170 2972 Male
1184 2913 1284 2974 'nllus
1302 2917 1355 2976 Υθῑ
1372 2929 1447 2978 me-

221 3045 316 3110 quit...
1117 3013 1287 3083 nttmercs,
1317 3017 1448 3075 Beren-

1115 3113 1208 3178 nort.

1074 2479 1313 2543 simulationes
1350 2483 1449 2546 tttos-

1117 2580 1448 2658 trtnmscrtptomtm.

252 3419 274 3466 1.
294 3417 329 3468 De
341 3419 470 3468 Petrcrcae
484 3438 496 3464 n
506 3417 688 3467 memorialibus
696 3438 707 3462 υ
719 3416 743 3464 in
757 3429 862 3464 excursu
873 3412 905 3464 Vl
914 3415 969 3464 libri
980 3415 1008 3464 P.
1018 3417 1044 3465 et
1055 3412 1244 3466 t'Humcnisme
1254 3415 1415 3466 disseruimus
1423 3421 1447 3467 et

222 3509 320 3559 notulas
334 3509 466 3558 edidimus.

251 3597 275 3648 2.
290 3597 327 3646 De
346 3598 436 3661 quibus
455 3597 522 3659 uide,
539 3601 566 3646 ut
585 3597 643 3659 seis,
663 3597 729 3648 Hist.
750 3595 814 3655 titt,
834 3599 851 3644 t.
872 3593 926 3654 Xll,
946 3609 971 3658 p.
990 3591 1090 3669 tbi-60.
1112 3593 1172 3643 Cum
1195 3594 1305 3657 magistri
1329 3597 1445 3658 operibus

220 3687 301 3737 editae
318 3679 383 3750 sunt,
400 3687 425 3735 in
439 3685 479 3737 ed.
493 3687 652 3748 Ambosiana,
668 3701 692 3750 p.
708 3685 755 3736 302
769 3700 834 3749 sqq,
850 3685 874 3733 iu
890 3683 1046 3743 Cousiniona,
1061 3687 1078 3733 t.
1094 3681 1123 3744 ll,
1139 3697 1165 3746 p.
1181 3683 1225 3732 ttl
1240 3699 1295 3748 sqq.
1467 3668 1469 3682 ¹

250 3776 275 3828 3.
291 3777 361 3839 Legit
375 3789 470 3839 quoque
485 3775 628 3837 particulam
642 3776 673 3824 de
688 3774 826 3823 Christiana
842 3773 996 3836 philosophia
1006 3773 1041 3835 (in
1056 3773 1095 3821 ed.
1108 3772 1264 3833 Cousiniann,
1276 3778 1293 3824 t.
1305 3772 1334 3833 ll,
1350 3773 1443 3837 pnet-

219 3865 274 3926 729,
290 3881 303 3915 e
318 3866 381 3915 libro
397 3865 510 3926 incerto),
528 3879 576 3913 non
592 3865 644 3912 sine
659 3864 830 3923 delectatione,
847 3865 872 3910 nt
887 3863 974 3924 probat
992 3861 1191 3910 adnotatiuncula
1206 3862 1230 3908 in
1246 3863 1327 3910 uerbis
1344 3878 1349 3912 :
1364 3884 1375 3908 t
1386 3863 1445 3912 Cum

220 3955 251 4004 sit
275 3954 387 4004 Christus
411 3955 465 4018 ipsa
486 3953 617 4016 sapientia,
633 3967 704 4016 quam
720 3951 835 4016 Sophiam
850 3951 935 4000 Graeci
951 3951 1085 4009 nominant,
1103 3950 1183 3999 nullos
1198 3951 1289 4000 rectius
1305 3951 1352 4000 dici
1368 3952 1445 4015 pbilo-

220 4045 311 4108 sopbos
331 4048 437 4104 autumo,
453 4058 525 4106 qoam
539 4043 580 4106 qui
596 4043 669 4092 huius
688 4055 797 4090 summae
815 4055 844 4089 ac
864 4040 986 4104 perlectae
1005 4039 1141 4102 sapientiae
1160 4046 1281 4089 amatores
1301 4042 1445 4102 eristunt3»

219 4134 365 4183 Franciscns
379 4148 385 4182 :
401 4133 481 4182 Recto
499 4129 666 4196 philosophia
680 4132 708 4195 (l.
724 4131 773 4193 48).

251 4219 275 4272 l.
291 4221 381 4270 Locum
395 4221 426 4270 ad
441 4221 629 4270 illustrationem
643 4219 737 4268 codicis
751 4218 875 4268 allerimus
888 4231 894 4266 ι
905 4217 979 4267 «Non
995 4230 1039 4281 ego
1055 4220 1140 4267 contra
1151 4223 1260 4268 sanctum
1276 4220 1355 4268 uirum
1373 4219 1445 4283 [Ber-

218 4309 333 4372 nardum]
353 4311 419 4373 loqui
440 4310 522 4369 uelim,
537 4323 592 4358 eum
612 4309 715 4357 maxime
734 4323 806 4370 quern
822 4309 848 4356 in
865 4307 1013 4370 quibusdum
1030 4307 1129 4370 scriptis
1149 4308 1209 4356 meis
1224 4307 1296 4357 ualde
1314 4309 1445 4372 aliquando

218 4397 400 4448 landsuerim...
424 4397 502 4448 Multa
524 4397 623 4461 quidem
646 4396 769 4460 loquendo
794 4399 818 4445 et
842 4396 974 4445 scribendo
995 4395 1100 4444 redeunt
1130 4395 1155 4442 in
1182 4397 1297 4456 animum,
1316 4411 1379 4460 quae
1404 4397 1446 4446 di-

216 4487 289 4550 lapss
308 4487 430 4536 uidentur.
456 4487 587 4536 Damoauit
605 4487 660 4547 iste,
681 4499 745 4534 nunc
762 4486 853 4545 recolo,
873 4484 1013 4534 Bernardus
1032 4483 1221 4533 Clareuallensis
1241 4485 1326 4543 abbas,
1348 4485 1378 4536 de
1398 4501 1446 4550 quo

219 4590 299 4625 sermo
318 4582 364 4638 est,
384 4577 483 4628 Petrum
504 4575 669 4626 Abaelardurn
690 4574 823 4624 litteratum
844 4574 972 4636 quemdam
994 4575 1086 4634 uirum;
1105 4572 1162 4620 hinc
1183 4573 1260 4621 iratos
1281 4572 1446 4638 Berengarius

218 4663 381 4726 Pictauensis,
398 4666 435 4716 nir
449 4671 473 4715 et
488 4666 541 4729 ipse
557 4680 606 4715 non
623 4664 770 4714 iniucundus
787 4678 815 4712 ac
834 4662 971 4726 discipulus
986 4663 1061 4723 Petri,
1087 4666 1171 4711 contra
1189 4661 1341 4710 Beruardum
1357 4662 1447 4712 librum

219 4768 292 4805 uuum
305 4749 413 4819 scripsit,
423 4769 472 4805 non
486 4755 566 4819 magni
581 4755 681 4818 quidem
692 4754 812 4817 corporis,
823 4752 866 4801 sed
881 4753 988 4814 ingentis
1001 4751 1147 4806 acrimoniae
1163 4767 1169 4800 ι
1185 4751 1216 4800 de
1230 4765 1279 4816 qno
1293 4753 1447 4813 postmodum

219 4843 330 4894 smaltis
344 4845 483 4910 increpatus
498 4859 525 4894 se
540 4847 649 4903 excusat,
665 4843 729 4907 quod
745 4842 889 4891 adolescens
913 4841 1056 4905 scripsisset
1070 4845 1094 4890 et
1113 4839 1179 4905 quod
1194 4839 1242 4890 sibi
1265 4841 1311 4889 uiri
1331 4841 1447 4898 sanctitas

1354 4931 1367 4976 3
