3668 5700
415 540 453 602 la
835 556 877 600 oa
900 555 1032 599 raravu
1055 553 1220 600 coniuravs

415 719 431 758 a
448 701 697 780 ueritatemque
718 715 787 760 non
803 696 902 759 morlo
919 714 987 758 non
1001 697 1187 776 impugnat,
1216 695 1276 756 sed
1290 693 1388 756 docet
1403 697 1434 756 et
1452 691 1637 774 praedicat,

416 806 588 870 «alterius
610 804 687 867 libri
706 805 790 868 recti
810 805 851 867 ad
872 805 965 867 illam
990 805 1124 866 itineris
1149 802 1255 866 duces
1282 803 1427 865 sunt‘l'»
1458 803 1638 864 Auctorem

414 931 494 991 ergo
510 930 678 976 summurn
698 913 734 974 in
756 911 915 975 omnibus
937 910 1075 974 tenebat
1097 911 1327 988 Augustinum
1351 913 1385 972 et
1405 910 1497 971 ultro
1512 911 1549 971 in
1564 927 1638 971 me-

414 1020 507 1083 dium
535 1019 739 1102 proterebat,
761 1038 839 1082 cum
857 1023 1013 1082 ueterum
1032 1020 1220 1082 doctrinam
1240 1022 1273 1081 et
1291 1019 1497 1099 optimarum
1517 1017 1640 1080 artium

414 1129 525 1192 studia
539 1129 628 1191 tueri
642 1127 870 1190 instituebat².
1291 1125 1293 1130 ’

452 1238 491 1299 ln
505 1235 654 1318 publicis
678 1231 765 1317 quae
789 1227 881 1297 nunc
905 1237 1021 1314 patent
1036 1229 1252 1297 bibliothecis
1267 1238 1345 1296 ante
1366 1234 1480 1296 omnia
1494 1251 1515 1294 a
1529 1215 1638 1295 doctis

339 1381 342 1386 -
368 1333 374 1344 “
413 1343 645 1427 quaerendum
668 1342 805 1406 uidetur
829 1346 1088 1417 confessionum
1104 1343 1279 1423 exemplar
1294 1359 1363 1423 quo
1378 1343 1537 1404 Petrarca
1550 1357 1637 1404 usus

413 1454 479 1528 est;
498 1469 576 1513 nam
592 1452 681 1513 inter
700 1449 806 1512 libros
827 1451 901 1513 eius
921 1450 1035 1513 nullus
1056 1449 1203 1512 fortasse
1223 1451 1344 1530 carior,
1363 1450 1481 1512 nullus
1497 1447 1638 1512 scholiis

410 1560 591 1639 pretiosior
613 1557 688 1621 fuit.
715 1560 854 1639 Apatre
873 1557 1037 1636 Dionysio
1061 1557 1102 1620 de
1123 1559 1234 1635 Burgo
1251 1558 1282 1620 S.
1301 1557 1467 1638 sepulcri,
1486 1556 1527 1618 ad
1542 1557 1638 1619 iuue-

400 1643 497 1728 ¹niles
520 1665 670 1746 impetus
689 1664 949 1736 contrahendos,
972 1681 1060 1726 anno
1080 1664 1158 1726 4333
1181 1664 1320 1744 Parisiis
1337 1662 1426 1726 dono
1445 1666 1634 1744 acceperat,

404 1791 513 1854 quem
538 1790 673 1854 semper
694 1776 812 1852 postea
839 1789 955 1833 secum
977 1771 1199 1834 deuotissime
1223 1773 1346 1834 tenuit.
1372 1772 1456 1834 Cum
1479 1772 1634 1840 Montem

410 1881 601 1942 Ventosum
624 1881 661 1942 in
676 1880 858 1941 Prouinoia
872 1876 974 1941 iratre
990 1879 1172 1942 comitante
1187 1879 1352 1956 ascendit,
1371 1878 1497 1941 librum
1513 1879 1547 1940 in
1565 1895 1637 1940 sar-

411 1988 526 2049 cinula
547 1988 636 2062 tulit,
665 1990 772 2067 utque
790 1989 937 2066 primum
960 1987 997 2047 in
1013 2003 1184 2048 summum
1199 1987 1317 2064 iugum
1332 1987 1501 2067 peruenit,
1520 1988 1638 2066 aperto

410 2095 596 2170 uolumine,
612 2095 793 2172 Augustini
809 2095 922 2156 locum
937 2094 1016 2171 legit
1028 2091 1221 2156 efficacium
1239 2095 1482 2156 sententiarum
1496 2093 1637 2175 plenum

410 2206 442 2264 et
469 2202 572 2263 animi
596 2200 746 2263 motibus
776 2202 1110 2281 tumaptissim11m³.
1135 2202 1252 2268 Multis
1277 2201 1397 2264 deinde
1420 2205 1498 2281 post
1521 2201 1633 2278 annis,

411 2328 497 2392 opus
512 2314 582 2373 tam
597 2327 713 2372 carum
729 2310 920 2390 animisque
937 2307 1199 2372 saluberrimum
1219 2327 1321 2391 saepe
1337 2306 1519 2371 transcribi
1535 2311 1638 2372 iussit

401 2419 452 2498 ,ad
476 2417 614 2486 fratrem
643 2421 703 2480 aut
729 2419 857 2479 amicos
881 2416 1111 2480 mittenduml.
1141 2418 1319 2496 Proprium
1342 2435 1426 2480 uero
1452 2417 1633 2496 exemplar,

357 2607 359 2614 s
410 2525 501 2606 quod
516 2529 588 2588 tota
600 2527 672 2587 uita
687 2541 803 2587 secum
817 2523 948 2598 habuit,
963 2528 1074 2587 aetate
1089 2525 1157 2586 iam
1173 2521 1214 2586 ad
1230 2528 1442 2587 senectutem
1458 2529 1633 2603 uergente,

410 2634 520 2695 amico
536 2633 713 2695 carissimo
737 2630 911 2694 Ludouico
926 2632 1087 2707 Marsilio,
1105 2631 1273 2693 monacho
1292 2633 1487 2694 Florentino
1507 2631 1636 2696 ordinis

410 2740 640 2818 S.Augustini‚
650 2741 752 2802 [riuus
768 2737 900 2801 detulit.
914 2739 1070 2818 Epistula
1085 2757 1152 2818 qua
1166 2739 1292 2801 donum
1303 2737 1546 2816 manifestauit,
1558 2757 1638 2802 cum

409 2850 445 2911 in
456 2846 665 2911 editionibus
675 2846 1063 2927 deprauetnrnonnullis
1075 2845 1634 2923 mendis,hicuideturailerenda:

452 2954 651 3018 «Libellum
672 2954 744 3032 tibi,
763 2972 864 3034 quern
887 2954 1010 3033 poscis,
1032 2952 1145 3015 libens
1166 2954 1254 3016 dono
1277 2954 1507 3035 donaremque
1531 2953 1638 3016 liben-

411 3088 427 3121 «
445 3065 524 3138 tius
549 3064 577 3124 si
603 3064 696 3124 esset
720 3061 832 3143 qualis
857 3060 1032 3123 eraldum
1056 3079 1135 3122 eum
1160 3061 1370 3124 adolescenti
1389 3062 1472 3138 mihi
1488 3061 1637 3125 ‘donauit

411 3195 425 3228 <a
442 3171 629 3250 Dionysius
645 3170 713 3245 ille,
739 3169 790 3230 tui
805 3169 933 3231 ordinis
950 3186 1124 3231 sacrarum
1139 3167 1312 3251 professor
1331 3171 1487 3248 egregius
1504 3171 1635 3232 littera-

411 3303 425 3336 «
443 3269 568 3340 rum‘et
579 3276 732 3359 undique
746 3277 801 3337 uir
816 3275 972 3354 insignis,
989 3274 1309 3354 indulgentissimus
1325 3282 1421 3359 pater
1436 3294 1549 3356 meus;
1576 3279 1637 3341 sed

411 3402 505 3463 «ego
529 3402 609 3446 cum
634 3387 668 3446 et
688 3386 811 3444 natura
833 3380 978 3444 forsitan
1006 3387 1039 3445 et
1063 3387 1174 3446 aetate
1199 3388 1281 3446 tunc
1307 3402 1426 3462 uagus,
1444 3386 1537 3467 quod
1552 3385 1636 3448 mihi

440 3599 462 3652 l.
484 3599 558 3650 Fam.
583 3597 703 3662 ll,9(od
720 3596 775 3648 Iao.
800 3595 831 3645 de
852 3595 987 3656 Columna,
1013 3612 1027 3646 a
1051 3599 1186 3662 scriptore,
1207 3603 1234 3647 ut
1255 3600 1326 3648 uobis
1348 3598 1455 3662 uidetur,
1481 3604 1633 3664 retractata).

407 3691 537 3742 Lectiones
551 3689 643 3753 aliquot
655 3688 762 3737 eruimus
773 3701 803 3736 ex
817 3686 901 3736 codiee
915 3687 979 3736 Por,
998 3690 1077 3746 8568,
1090 3688 1106 3737 s.
1122 3687 1173 3738 22‘.
1190 3686 1383 3738 Fraoassettiana
1397 3689 1486 3750 editio,
1502 3691 1634 3754 praecipue

409 3784 475 3832 circa
486 3782 558 3830 finem
572 3781 645 3829 huius
660 3777 788 3842 epistulae,
804 3777 930 3826 erroribus
942 3777 1060 3826 abundat.

439 3873 463 3922 2.
480 3872 515 3920 lle
528 3867 713 3930 augustinianis
722 3867 811 3915 studiis
824 3871 932 3929 tempore
946 3867 1125 3916 renascentium
1136 3867 1270 3916 litterarum
1282 3869 1433 3930 instauratis,
1446 3883 1470 3920 v.
1482 3868 1512 3920 K.
1521 3869 1633 3920 Bannaca

408 3960 433 4011 ln
449 3959 629 4011 Centruldlott
642 3959 691 4021 fita
700 3953 956 4015 Bibliothclrswereo,
967 3956 1028 4018 Vlll,
1041 3955 1111 4019 1891,
1127 3971 1152 4018 p.
1167 3956 1213 4006 326
1229 3960 1253 4005 et
1267 3957 1321 4006 454.

437 4052 461 4100 3.
482 4070 493 4095 «
505 4049 590 4099 Visum
605 4050 642 4096 est
658 4046 717 4094 mihi
731 4045 916 4095 confessionum
929 4046 1060 4108 Augustini
1080 4046 1170 4094 librum
1191 4045 1317 4094 charitatis
1331 4050 1386 4094 tuae
1399 4061 1487 4095 munus
1501 4049 1633 4111 inspicere,

342 4193 344 4197 Ι
407 4159 418 4185 «
435 4153 507 4204 quem
521 4143 546 4187 et
566 4135 701 4186 conditoris
721 4139 745 4184 et
765 4135 891 4184 donatoris
909 4135 935 4182 in
953 4134 1094 4183 memoriam
1109 4148 1182 4184 seruo
1204 4124 1332 4197 habeoque
1352 4149 1448 4198 semper
1462 4136 1488 4184 in
1502 4137 1632 4198 manibus;

408 4229 556 4292 «pugillare
579 4226 731 4290 opusculum,
749 4224 877 4288 perexigui
902 4224 1034 4273 uoluminis
1052 4223 1096 4272 sed
1120 4225 1230 4273 infinitae
1250 4225 1400 4289 dulcedinis,
1415 4225 1509 4288 aperio,
1522 4226 1634 4275 lecturus

407 4339 418 4364 a
435 4317 555 4383 quidquid
571 4319 741 4366 occurreret...
751 4333 763 4358 »
779 4315 862 4377 (Fam.
874 4312 915 4379 IV,
933 4313 965 4378 1).

436 4406 459 4455 4.
478 4405 516 4454 Ad
527 4405 661 4454 Gerardum
676 4404 706 4453 ir.
723 4403 807 4466 (Fam.
825 4399 912 4464 XVlIl,
928 4403 968 4465 5);
985 4402 1017 4450 ad
1032 4401 1153 4451 Donatum
1168 4403 1379 4467 Apenninigensm
1394 4405 1463 4468 (Sea.
1475 4404 1536 4466 Vlll,
1552 4403 1586 4469 6).
1598 4405 1634 4454 De

407 4494 603 4559 confessionam
626 4494 740 4552 lectione,
759 4492 820 4541 haec
840 4491 934 4552 inspice
953 4492 1017 4539 inter
1039 4492 1115 4540 multa
1135 4507 1140 4540 :
1164 4491 1237 4540 «Ubi
1257 4507 1302 4540 nec
1326 4493 1411 4543 tallere
1430 4495 1482 4543 uult
1505 4495 1633 4558 quisquam

405 4603 417 4630 a
433 4599 479 4633 nec
494 4583 543 4633 ialli
558 4587 639 4646 potest
654 4583 687 4644 [in
704 4580 842 4642 Paradiso],
854 4580 918 4628 unde
933 4581 1006 4629 deuia
1022 4581 1086 4629 uitae
1102 4595 1170 4630 meae
1184 4595 1329 4644 erroresque
1348 4587 1487 4632 cernentem
1503 4584 1633 4647 [Augusti-

404 4693 417 4720 «ι
433 4674 499 4736 num]
518 4673 628 4721 misereri
647 4672 765 4730 arbitror,
782 4670 943 4733 praesertim
964 4669 988 4717 si
1012 4669 1208 4719 adolescentiae
1227 4685 1291 4719 auae
1310 4673 1471 4732 meminit...,
1494 4671 1553 4722 inde
1573 4671 1633 4720 mihi

403 4781 417 4807 «
432 4764 505 4820 lauet,
521 4761 578 4809 inde
592 4775 630 4809 me
644 4760 746 4822 diligit»
762 4758 845 4822 (Fam.
861 4757 890 4819 ll,
908 4757 942 4822 9).
960 4778 971 4802 α
982 4759 1085 4808 Multum
1099 4763 1132 4819 tu,
1149 4759 1206 4807 dum
1221 4774 1339 4823 corporeo
1355 4775 1452 4809 carcere
1467 4760 1632 4821 claudebatis,

403 4870 416 4897 a
431 4850 488 4900 huic
498 4850 585 4898 similia
598 4849 761 4912 pertulistia,
777 4848 918 4910 passionum
931 4852 1088 4912 expertarum
1102 4853 1200 4898 curator
1215 4851 1304 4912 optime
1315 4869 1326 4894 a
1337 4851 1429 4914 (Scor,
1443 4864 1492 4914 pr.;
1508 4850 1556 4914 Op.
1567 4849 1631 4914 334).
