3668 5700
581 495 614 558 lli
636 489 1075 542 nlunrorflacararaancnn.
1181 480 1185 498 ⁸
1406 479 1445 544 3¹]

218 632 356 712 quidem
384 635 498 700 minus
518 635 686 717 stupebis,
714 636 743 698 si
765 633 942 713 collegeris
966 651 1095 715 paruae
1117 635 1329 699 auctoritatis
1347 637 1445 700 illum

219 741 420 820 scriptorem
440 733 528 824 apud
543 748 680 826 poetam
694 741 812 806 fnisse.
829 741 1007 824 Nusquam
1023 760 1117 818 sane,
1134 743 1162 805 si
1183 743 1282 807 modo
1298 742 1442 824 diligen-

219 849 269 908 ter
291 837 513 928 perlegimus,
536 854 573 914 in
592 849 754 932 operibus
778 849 877 912 editis
893 851 1099 926 nominatur,
1122 847 1191 912 fere
1216 869 1386 933 nusquam
1408 855 1444 915 in

218 953 358 1020 scholiis
386 947 488 1021 manu
523 960 669 1040 seriptis.
699 957 800 1020 Liber
831 957 969 1038 quidem
997 963 1045 1020 De
1081 960 1294 1022 institutione
1320 977 1443 1023 soccu-

217 1066 347 1125 iorium
367 1069 550 1130 lectionum
574 1069 671 1129 textu
689 1066 725 1128 in
746 1063 886 1127 breuius
907 1067 1082 1128 contracto
1105 1067 1140 1127 in
1165 1045 1329 1130 Parisino
1356 1071 1444 1130 8500

217 1175 369 1251 apparet,
387 1174 528 1253 picturis
542 1172 696 1255 profecto
713 1171 925 1235 mirabilibus
940 1172 1096 1250 insignis,
1115 1173 1211 1235 nulla
1225 1192 1309 1261 uero
1325 1179 1444 1256 poetae

217 1279 336 1342 notula
354 1264 508 1344 ditatus¹ss
525 1283 564 1345 ld
582 1283 685 1361 igitur
703 1283 956 1363 peropportune
977 1280 1084 1356 cadit,
1101 1281 1191 1362 quod
1212 1281 1319 1346 multo
1341 1301 1443 1348 secus

217 1401 271 1448 res
296 1405 333 1448 se
356 1386 461 1450 habet
481 1390 517 1451 in
532 1394 626 1470 parte
641 1388 769 1452 codicis
783 1387 871 1452 2925
887 1385 929 1449 ad
943 1387 1171 1451 Abaelardum
1185 1392 1342 1452 nostrum
1361 1409 1441 1471 per-

217 1494 358 1557 tinente.
925 1549 927 1556 ,
1084 1573 1087 1578 y
1477 1492 1482 1501 '

256 1601 327 1662 lam
342 1602 534 1666 Petrarcam
550 1603 679 1684 aliquid
694 1601 874 1665 Abaelardi
889 1603 1013 1680 legisse
1026 1608 1264 1684 suspexerunt,
1278 1603 1337 1668 sed
1353 1623 1440 1686 quae

218 1709 301 1770 tanti
322 1709 389 1770 uiri
407 1727 510 1790 opera
530 1705 730 1788 cognouerit
753 1711 934 1788 incertum,
952 1713 986 1773 et
1007 1727 1075 1791 quo
1095 1714 1208 1774 animo
1224 1712 1438 1788 iudicauerit,

215 1814 367 1880 dubium.
384 1815 526 1880 Duobus
550 1818 662 1880 solum
686 1818 773 1881 locis
797 1819 833 1880 in
858 1819 1035 1898 scriptoris
1054 1819 1163 1881 Italici
1186 1818 1284 1882 libris
1313 1838 1438 1884 nomen
1504 1883 1510 1896 ,

214 1924 334 1986 Gallici
356 1925 551 2006 philosophi
575 1923 760 2007 profertur3
787 1929 974 2006 nostroque
999 1925 1126 1988 iudicio
1149 1927 1354 1990 Boocacium
1378 1929 1440 1990 Pe-

213 2033 401 2096 traroamue
425 2033 662 2115 philosophica
689 2031 868 2095 Abaelardi
898 2045 1001 2113 opera
1025 2035 1082 2095 uel
1104 2033 1308 2113 primoribus
1332 2033 1437 2098 labris

213 2139 367 2217 tetigisse
384 2144 510 2203 temere
525 2139 721 2204 affirmatur.
734 2141 874 2203 Attilius
889 2140 1025 2221 quidem
1041 2142 1168 2216 Hortis
1185 2141 1239 2204 uir
1254 2142 1380 2224 optime
1396 2142 1437 2206 de

212 2247 370 2311 Petrarca
385 2249 538 2323 meritus,
556 2248 775 2310 collationem
789 2247 869 2310 libri
882 2252 931 2311 Dc
945 2250 1144 2324 ignorantia
1160 2265 1239 2311 cum
1254 2252 1435 2314 Introduc-

211 2355 301 2416 ttooe
324 2359 360 2416 iu
383 2357 586 2432 theologiam
610 2357 789 2418 instituere
809 2358 952 2418 conatus
978 2358 1040 2433 est,
1066 2358 1099 2416 et
1122 2357 1157 2416 in
1180 2359 1326 2436 utroque
1349 2355 1436 2420 libro

210 2460 411 2524 Obseruauit
426 2464 469 2525 M.
487 2463 590 2524 Tullii
604 2463 681 2527 loca
696 2463 834 2540 selecta,
846 2466 883 2525 ut
898 2462 1028 2542 aliquid
1043 2461 1436 2527 doctrinaeohristianae

210 2569 408 2650 redolentia,
430 2563 500 2633 fere
524 2571 643 2633 eadem
664 2570 767 2633 esse2.
785 2571 879 2632 Haeo
901 2586 984 2631 uero
1001 2570 1199 2647 similitudo,
1215 2575 1435 2652 quantacun-

210 2695 275 2758 que
291 2681 414 2740 estant
430 2682 580 2760 apparet,
592 2677 691 2740 nobis
702 2678 841 2740 omnino
856 2675 996 2740 fortuita
1010 2677 1157 2740 uidetur.
1170 2680 1328 2742 Petrarca
1344 2680 1435 2742 enim

208 2787 278 2846 tarn
296 2785 396 2862 longa
419 2790 452 2849 et
478 2785 621 2848 adsidua
644 2784 874 2854 familiaritate
899 2802 919 2845 a
942 2785 1103 2848 Cicerone
1128 2785 1305 2865 educatus,
1329 2785 1434 2849 libros

207 2908 327 2956 omnes
347 2897 381 2956 et
395 2895 508 2956 omnia
522 2895 597 2956 loca
619 2885 662 2956 ad'
675 2893 780 2956 finem
795 2891 1026 2954 adiuuandum
1047 2895 1254 2972 pertinentia
1271 2892 1433 2957 facillime

204 2999 352 3064 habebat
366 3002 581 3082 inpromptu.
595 3003 773 3064 Praeterea
783 2999 963 3072 sententia,
977 3015 1080 3079 quam
1093 3000 1251 3065 ardenter
1267 3006 1339 3064 tum
1352 3019 1432 3083 per-

207 3095 341 3188 agebat,
352 3110 420 3173 iam
435 3114 535 3172 antea
551 3108 594 3171 ab
608 3109 798 3186 Augustino
812 3106 1056 3186 nonnullisque
1072 3107 1316 3172 ecelesiasticis
1331 3110 1434 3190 scrip·
1521 3149 1523 3154 ,

204 3216 337 3280 toribus
357 3235 422 3280 nec
437 3221 569 3280 tantum
589 3235 609 3278 a
627 3215 793 3278 Paracleti
814 3212 936 3276 abbate
957 3213 1127 3292 explicata
1147 3219 1237 3292 erat3
1256 3219 1289 3279 et
1304 3215 1432 3279 anullo

203 3326 435 3398 recentiorum
449 3323 731 3406 philosophorum
745 3321 967 3386 Ciceroniana
982 3323 1138 3402 exempla
1161 3325 1310 3386 mutuari
1325 3325 1432 3386 Fran·

205 3433 297 3496 cisco
313 3451 400 3514 opus
415 3436 499 3510 erat,
517 3433 684 3512 cumipse
699 3435 768 3494 tam
784 3447 952 3495 summam
976 3437 1009 3496 et
1028 3432 1182 3514 undique
1196 3432 1376 3495 collectam
1390 3431 1431 3496 de

203 3531 367 3604 Tullianis
382 3539 486 3604 rebus
501 3541 679 3605 scientiam
694 3538 757 3604 sibi
771 3544 964 3621 parauerat.

243 3648 465 3712 adnotandus
489 3665 582 3710 nunc
604 3649 701 3710 loeus
727 3647 796 3723 ille,
818 3665 886 3729 quo
903 3649 1060 3711 Petrarca
1074 3649 1269 3711 Historiam
1282 3651 1428 3710 octanti-

201 3759 313 3820 toium
327 3755 506 3826 abaelardi
521 3773 624 3819 nosse
639 3753 822 3817 confitetur
848 3773 855 3816 :
884 3756 1051 3833 «Iungam
1066 3757 1116 3818 tot
1130 3754 1307 3818 ueteribus
1322 3772 1429 3818 unum

203 3866 459 3928 «recentiorem
474 3881 538 3927 nec
553 3863 652 3926 ualde
667 3865 835 3925 semotum
860 3861 902 3924 ab
926 3866 1035 3926 aetate
1058 3865 1185 3939 nostra,
1212 3878 1314 3943 quam
1338 3867 1429 3926 recte

202 3996 219 4030 a
235 3967 363 4046 nescio,
376 3970 437 4034 sed
452 3969 542 4052 apud
557 3971 734 4052 quosdam,
745 3973 784 4032 ut
800 3968 912 4044 audio,
929 3959 1108 4049 suspectae
1124 3968 1215 4045 fidei,
1228 3973 1261 4040 at
1276 3968 1428 4050 profecto

201 4103 217 4136 a
233 4097 301 4143 non
314 4079 453 4142 humilis
468 4079 607 4156 ingenii,
626 4079 760 4140 Petrum
775 4077 872 4138 illum
888 4077 944 4138 cui
963 4074 1143 4162 Abaelardi
1160 4093 1349 4155 cognomen
1364 4080 1426 4156 est,

201 4212 218 4245 «
234 4188 304 4270 qui,
335 4193 374 4250 ut.
395 4189 430 4250 in
452 4187 596 4250 historia
624 4201 765 4248 suarum
787 4183 1019 4246 calamitatum
1042 4185 1145 4261 longa
1171 4186 1324 4247 oratione
1353 4185 1428 4264 ipse

200 4295 396 4374 «meminit,
422 4291 572 4356 inuidiae
596 4291 734 4364 cedens,
766 4291 960 4354 solitudinis
985 4275 1425 4370 Trecensis'abditapene-

229 4517 251 4567 t.
268 4517 351 4565 Codex
364 4517 427 4566 Par.
442 4518 513 4564 8500
530 4513 589 4578 (iam
604 4512 629 4559 in
645 4513 674 4560 P.
686 4514 712 4558 et
729 4509 929 4568 l’Humoaisme,
942 4524 966 4573 p.
979 4509 1092 4568 loo-172,
1105 4510 1295 4574 demonstratus)
1307 4512 1425 4561 nonnulla

197 4621 272 4670 opera
295 4607 369 4654 refert
392 4604 427 4653 ad
444 4606 555 4653 nostrum
575 4603 744 4664 argumentum
765 4599 867 4648 maxime
889 4599 1024 4663 spectantia
1040 4612 1046 4646 ε
1061 4597 1199 4662 Fuigentii
1214 4597 1259 4651 lib.
1276 4599 1421 4666 Mychoioq.

195 4695 388 4746 Enarratioaea
401 4694 429 4742 in
441 4693 548 4742 Metam.
566 4690 665 4750 Ouidii,
682 4689 765 4753 spuria
782 4689 901 4752 quaedam
915 4688 994 4738 Boetii
1009 4692 1033 4737 et
1048 4688 1198 4750 Aristotelis,
1213 4692 1260 4740 etc.

226 4784 250 4836 2.
265 4785 303 4836 Cf.
320 4783 504 4848 Archeografo
521 4781 659 4840 Triesttao,
674 4794 739 4829 noua
754 4778 841 4839 series,
856 4781 875 4827 t.
891 4777 933 4838 Vl,
950 4793 974 4840 p.
993 4777 1047 4828 142.
