3668 5700
581 591 615 636 ru
639 587 854 636 arscrorrtnun
876 587 1075 636 carruccae.
1404 571 1440 633 11

217 733 309 816 apud
326 733 424 797 illum
443 733 491 796 nil
511 735 578 796 nisi
601 751 725 797 nomen
751 738 784 796 et
803 734 949 808 uirtutes
968 732 1212 807 innotuerant¹‚
1234 749 1345 813 neque
1370 748 1443 793 am-

216 842 309 924 plius
327 842 369 904 de
389 843 421 906 S.
454 841 615 920 Gregorio
638 842 842 904 Nazanzeno
865 841 929 903 dici
951 829 1090 922 potest².
1109 841 1156 902 De
1177 838 1318 903 Eusebii
1342 839 1443 901 chro-

217 949 306 1013 nicis
323 949 357 1012 et
371 948 443 1012 uita
456 949 489 1012 S.
501 949 683 1012 Clementis
700 967 809 1030 papae
824 968 842 1012 e
858 964 978 1034 graeco
993 948 1166 1012 translatis
1176 965 1263 1011 mox
1278 947 1443 1010 dicemus,

217 1057 320 1120 Haud
343 1055 481 1139 quidem
504 1057 590 1119 mira
608 1056 744 1119 uidetur
764 1059 860 1119 tanta
883 1073 1081 1134 graecarum
1099 1057 1289 1120 litterarum
1310 1057 1444 1132 raritas,

219 1183 300 1227 cum
320 1165 431 1228 solum
448 1165 565 1228 latinis
583 1164 790 1228 testimoniis
809 1168 866 1227 aut
887 1163 1169 1228 translationibus
1188 1164 1266 1226 illas
1280 1161 1444 1226 nouerit'i.

262 1273 341 1336 Tres
360 1274 449 1336 inter
473 1273 611 1336 Latinos
632 1273 812 1335 clarissimi
833 1273 961 1346 Patres,
979 1271 1108 1353 aliquid
1127 1273 1305 1334 latinitatis
1324 1289 1448 1334 aureae

220 1380 426 1458 redolentes,
450 1381 597 1444 cariores
616 1379 759 1443 habuit:
782 1381 839 1442 SS.
857 1380 1113 1461 Hieronymum,
1131 1377 1359 1453 Ambrosium,
1375 1380 1447 1442 Au·

220 1489 407 1567 gustinum.
431 1489 659 1567 Angustinnm
686 1472 841 1569 quidem,
864 1488 964 1550 cuius
993 1486 1150 1568 operibus
1174 1487 1345 1569 plerisque
1374 1486 1448 1550 sinc

220 1595 326 1659 dnbio
340 1595 558 1676 potiebatur,
577 1599 628 1658 tot
646 1595 732 1659 locis
746 1596 908 1674 laudauit,
926 1596 1080 1676 inprimis
1094 1596 1130 1657 in
1143 1598 1288 1671 secreto,
1305 1598 1343 1656 ut
1358 1594 1449 1675 opti-

221 1719 318 1766 mum
333 1702 527 1785 exemplum
545 1705 670 1784 eligere
691 1705 897 1766 nesciamus.
919 1693 981 1766 His
1004 1707 1117 1767 tamen
1137 1702 1265 1782 uerbis,
1282 1706 1450 1784 quantum

220 1811 483 1874 humanioribus
504 1812 627 1875 litteris
651 1812 863 1890 Augustinus
887 1812 1058 1887 claruerit,
1086 1813 1169 1875 satis
1192 1810 1417 1892 proclamauit
1441 1828 1447 1871 :

224 1939 240 1980 r
258 1919 526 1998 Augustinnm...
544 1937 613 1983 non
629 1919 739 1982 solnm
753 1917 965 1982 familiariter
982 1919 1050 1982 illis
1073 1919 1258 1998 [gentilium
1278 1917 1385 1996 libris]
1402 1919 1452 1980 uti

224 2044 329 2090 cnon
343 2027 476 2108 puduit,
494 2026 553 2090 sed
567 2027 714 2106 ingenue
735 2028 838 2089 ctiam
852 2024 952 2090 lateri
972 2045 1008 2090 se
1027 2026 1062 2089 in
1082 2026 1178 2090 libris
1200 2027 1453 2088 Platonicorum

225 2153 242 2194 u
260 2151 416 2212 magnam
432 2133 511 2198 fidei
527 2137 667 2214 ,nostrae
686 2113 819 2216 partem
837 2135 1025 2207 inuenisse,
1049 2138 1081 2197 et
1102 2153 1144 2196 ex
1162 2133 1249 2197 libro
1265 2133 1450 2208 Ciceronis

226 2243 320 2325 «qui
341 2246 485 2306 uocatur
508 2243 726 2319 Hortensius,
750 2244 937 2305 mutatione
956 2240 1103 2304 mirabili
1123 2240 1167 2305 ab
1185 2243 1279 2304 omni
1304 2259 1364 2323 spe
1385 2239 1452 2302 lal-

226 2371 243 2410 c
261 2351 364 2415 laci...
383 2368 581 2415 auersum...
598 2352 623 2413 0
639 2351 750 2413 uirum
768 2349 976 2413 ineffabilem
992 2349 1200 2431 dignumque
1219 2366 1321 2431 quem
1336 2350 1453 2412 Cicero

227 2478 243 2520 «
261 2459 336 2542 ipse
355 2476 416 2540 pro
435 2459 555 2522 rostris
575 2457 690 2521 laudet
710 2459 834 2540 cuique
854 2457 989 2538 publice
1014 2462 1126 2548 grates
1146 2461 1233 2536 agat,
1256 2439 1347 2540 quod
1366 2458 1454 2519 inter

229 2585 246 2628 c
262 2570 331 2629 tam
345 2566 470 2630 multos
484 2567 638 2643 ingratos
656 2582 746 2628 unns
765 2565 849 2628 uelit
866 2582 942 2628 esse
957 2565 1188 2644 gratissimusl
1212 2567 1236 2627 0
1256 2565 1369 2626 uirum
1383 2579 1455 2626 ma-

229 2655 387 2752 «gniiice
405 2674 620 2752 humilem...,
642 2690 710 2735 non
731 2673 789 2754 qui
808 2673 929 2736 alienis
949 2673 1075 2755 plumis
1094 2676 1235 2736 ornatus
1254 2671 1454 2735 auctoribus

229 2782 421 2861 «insultet,
448 2783 507 2845 sed
534 2783 594 2862 qni
623 2782 692 2843 iam
718 2780 927 2844 Christianae
952 2781 1127 2857 religionis
1152 2780 1343 2843 fluitantem
1364 2797 1452 2862 pup-

229 2909 246 2950 κ
264 2890 333 2970 pim
354 2891 444 2952 inter
461 2888 713 2952 haereticorum
729 2889 890 2970 scopulos
909 2906 1025 2966 agens„
1047 2889 1306 2969 praesentisque
1326 2890 1456 2966 magni·
1551 2955 1555 2964 ,

233 2997 393 3060 «tudinis
418 2999 491 3060 sine
512 2997 704 3075 arrogantia
722 2995 787 3059 sibi
805 2996 975 3074 conscius,
992 2997 1173 3058 ueritatem
1195 2995 1456 3076 primordiorum

231 3123 405 3168 «snorum
434 3107 468 3167 et
498 3104 748 3168 adolescentiae
780 3103 973 3166 rudimenta
1005 3106 1247 3167 commemoret
1275 3109 1309 3166 ct
1336 3104 1456 3166 doctor

230 3216 381 3276 «tantus
405 3213 580 3276 Ecclesiae
604 3229 673 3275 non
697 3209 877 3276 erubescat
904 3211 1065 3273 ducatum
1089 3211 1262 3290 Arpinatis
1292 3209 1453 3286 hominis

231 3321 344 3384 «licet
368 3321 434 3383 alio
454 3321 637 3384 tendentis.
661 3321 727 3382 Cur
749 3324 863 3383 autem
881 3318 1124 3382 erubesceret?
1144 3319 1250 3381 Nemo
1272 3317 1342 3381 dux
1362 3337 1456 3400 sper-

229 3449 246 3488 (
264 3428 397 3491 nendos
412 3431 475 3506 est,
487 3429 547 3510 qui
561 3429 655 3490 uiam
670 3427 790 3490 salutis
805 3427 961 3490 ostendit.
976 3426 1061 3500 Quid
1076 3443 1156 3504 ergo
1172 3426 1284 3490 studio
1300 3428 1455 3497 ueritatis

230 3556 247 3597 c
265 3535 387 3600 obesse
400 3540 515 3618 potest
530 3537 586 3598 uel
600 3537 694 3598 Plato
709 3535 765 3596 uel
777 3535 1057 3616 Cicero,quorum
1068 3535 1207 3598 alterius
1224 3533 1339 3598 schola
1354 3533 1455 3596 fidem

265 3823 287 3874 1.
308 3823 359 3872 Vit.
374 3822 423 3872 sol.
439 3825 459 3886 l,
471 3823 493 3885 1,
504 3824 519 3872 2
529 3837 535 3872 ;
547 3823 672 3887 «Magnus
687 3821 728 3871 ille
742 3821 848 3870 basilius
862 3821 951 3870 librum
965 3835 1066 3884 paruum
1081 3821 1111 3871 de
1125 3821 1250 3872 solitariae
1265 3822 1328 3873 uitae
1340 3822 1454 3874 laudibus

230 3929 246 3964 a
262 3913 435 3977 inscripsit,de
445 3928 493 3977 quo
508 3916 605 3976 praeter
617 3913 713 3962 titulum
727 3911 786 3960 nihil
801 3915 885 3972 tenec;
896 3917 920 3960 et
929 3912 995 3974 quod
1009 3911 1076 3961 illum
1090 3912 1117 3960 i11
1131 3909 1304 3962 uetustissimis
1316 3913 1453 3976 codicibus,

230 4020 245 4053 c
264 4004 300 4053 sic
316 4003 438 4052 interdum
453 4003 519 4052 Petri
535 4002 647 4052 Damiani
661 4001 786 4066 opusculis
800 3999 919 4050 insertum
932 4000 993 4060 uidi,
1013 4005 1038 4051 ut
1052 4001 1154 4050 dubium
1171 4017 1209 4051 me
1224 4003 1309 4052 iecerit
1323 4016 1354 4050 an
1367 4003 1452 4051 Basilii

229 4110 245 4143 u
261 4096 370 4143 esseron
385 4093 473 4142 Petri»
489 4093 547 4156 (Op.
563 4091 628 4156 226).
720 4160 722 4165 ,

263 4183 287 4231 2.
308 4183 358 4234 Vit.
367 4182 417 4234 sol.
426 4182 455 4244 11,
470 4179 494 4242 3,
510 4181 583 4243 6311,
600 4180 637 4241 16,
653 4181 676 4230 6.

263 4271 287 4324 3.
304 4271 334 4323 V.
349 4275 379 4323 P.
395 4273 422 4322 ct
432 4270 631 4329 l'llumauisme,
648 4285 702 4334 cap.
718 4285 768 4320 vin.

263 4362 286 4413 1.
305 4363 376 4412 Circa
390 4363 502 4425 sexagies
524 4363 613 4410 citatur
632 4361 656 4409 in
679 4361 791 4422 epistulis
810 4375 853 4410 seu
867 4357 1068 4419 :Familiaribua
1086 4377 1129 4411 seu
1141 4359 1287 4426 [senilibus
1311 4377 1356 4415 nec
1378 4362 1453 4416 mullo

229 4452 313 4502 minus
327 4455 352 4501 in
362 4451 452 4502 ceteris
469 4452 592 4514 operibus.
609 4451 648 4514 (V.
668 4454 797 4514 praeterea
814 4451 843 4501 P.
861 4453 888 4500 et
904 4449 1100 4513 l'Humuuisme,
1121 4468 1145 4516 p.
1167 4453 1221 4516 130,
1237 4459 1261 4504 et
1282 4456 1387 4505 indicem
1408 4458 1453 4505 sub

229 4543 329 4592 nomine
344 4543 494 4606 Augustini.)
509 4539 618 4604 Exempli
633 4555 716 4601 causa,
743 4541 782 4590 De
798 4555 864 4590 uera
880 4540 1007 4605 relipione
1026 4543 1144 4606 allegatur
1163 4545 1188 4592 in
1204 4545 1263 4594 Sea.
1279 4545 1309 4606 11,
1326 4545 1348 4605 1,
1366 4546 1392 4593 in
1416 4548 1458 4604 De,

230 4633 287 4683 ctio
308 4631 357 4681 rel.
375 4629 386 4680 I
401 4631 459 4696 (Op.
480 4629 546 4695 295),
567 4631 592 4679 in
606 4630 707 4681 lutcect.
724 4631 817 4680 contra
837 4631 905 4682 med.
922 4630 953 4679 lll
972 4631 1030 4695 (Op.
1047 4631 1126 4696 1166),
1142 4637 1203 4695 eto.;
1226 4634 1288 4682 liber
1305 4635 1343 4683 Dc
1361 4637 1460 4702 paena,

232 4723 328 4782 tentia,
336 4723 362 4770 in
375 4723 436 4773 Seu.
449 4719 510 4781 Vlll,
524 4721 552 4781 6;
568 4721 631 4770 liber
641 4722 681 4771 De
699 4720 835 4781 Trinitate,
848 4723 873 4769 in
887 4721 947 4772 Sec.
958 4721 988 4782 V,
1003 4722 1030 4786 1;
1048 4721 1219 4781 Quaestioues
1228 4724 1347 4786 diuinae,
1360 4727 1385 4775 in
1394 4728 1454 4778 Sea.

229 4813 263 4872 Il,
279 4811 302 4872 1,
318 4816 364 4862 etc.
380 4809 417 4860 ln.
434 4811 482 4876 Op.
497 4810 553 4872 966,
569 4811 631 4860 «uir
645 4811 849 4862 inaccessibilis»
864 4811 962 4860 dicitur.
980 4837 1011 4848 -
1023 4811 1129 4876 Longius
1144 4828 1288 4877 procurrere
1304 4830 1353 4865 non
1367 4817 1437 4867 decet
1449 4832 1462 4882 :,

233 4903 265 4952 dc
276 4901 403 4952 codicibus
417 4903 442 4951 in
457 4902 577 4964 opusculo
588 4905 672 4950 nostro
682 4901 771 4964 agitur,
783 4915 831 4950 uon
846 4901 876 4950 de
889 4901 1017 4951 Petrarcae
1032 4900 1131 4954 studiis.
