3668 5700
563 563 597 608 ru
619 563 835 608 memoresne
856 564 1059 608 peruenere.
1390 549 1440 610 13·

196 705 467 786 «periucundus
491 709 524 769 et
548 707 689 768 materia
713 709 745 768 et
770 709 910 769 auctore
932 709 964 768 et
988 705 1158 786 paruitate
1174 723 1237 768 sua
1251 688 1428 786 pugillaris

195 837 218 870 «
234 818 328 877 esset
342 818 445 895 etque
469 813 511 878 ad
532 813 712 876 serendum
735 813 873 892 habilis,
892 832 994 894 saepe
1010 831 1220 895 peromnem
1236 813 1342 878 ferme
1356 815 1427 878 lta-

194 947 215 978 «
233 923 314 984 liam
329 923 611 1004 Germaniamque
626 923 832 998 circumtuli,
849 923 897 984 ita
910 925 949 984 ut
963 923 1032 984 iam
1047 940 1151 1003 prope
1166 940 1287 986 manus
1303 941 1379 986 msa
1394 927 1426 987 et

196 1053 217 1086 α
233 1030 320 1092 liber
342 1047 451 1092 unum
473 1047 552 1092 esse
574 1031 786 1105 uiderentur,
814 1029 865 1092 sic
888 1028 1137 1110 inseparabiles
1160 1030 1241 1092 uisu
1261 1034 1428 1112 perpetuo

195 1162 215 1193 «
232 1136 315 1200 facti
329 1142 437 1200 erant.
454 1139 581 1205 Dicam,
596 1154 669 1199 rem
687 1136 887 1215 mirabilem,
908 1139 947 1199 ut
971 1137 1090 1200 sileam
1113 1137 1233 1218 lapsus
1249 1136 1429 1199 fluminum

157 1303 164 1312 .
198 1270 215 1300 «
233 1265 275 1308 ac
289 1249 465 1323 terrarum,
484 1246 588 1308 semel
604 1263 739 1308 mecum
754 1245 795 1307 ad
805 1245 966 1308 Nicaeam
975 1245 1055 1306 Vari
1067 1244 1130 1307 sub
1146 1244 1311 1308 fluctibus
1325 1247 1429 1308 maris

198 1374 217 1414 c
233 1351 298 1414 fuit
314 1355 495 1434 actumque
508 1356 580 1415 erat
593 1352 676 1415 haut
691 1351 805 1423 dubie,
818 1353 885 1414 nisi
899 1355 1082 1432 utrumque
1092 1352 1266 1433 praesenti
1275 1352 1428 1432 periculo

197 1485 216 1516 <‹
233 1460 387 1523 Christus
403 1460 611 1540 eripuisset¹.
634 1461 689 1522 Sic
707 1460 867 1522 cundoet
885 1458 1060 1522 redeundo
1083 1476 1218 1521 mecum
1239 1460 1364 1536 senuit,
1381 1461 1429 1522 ita

197 1591 218 1623 «
234 1569 275 1628 ut
293 1567 361 1628 iam
378 1583 483 1629 senex
504 1585 524 1628 a
548 1583 630 1629 sene
655 1566 728 1628 sine
750 1567 880 1644 ingenti
905 1565 1103 1629 difficultate
1122 1566 1190 1644 legi
1211 1569 1369 1648 nequeat,
1395 1569 1428 1628 et

196 1696 216 1730 «
234 1689 328 1736 nunc
343 1673 481 1735 tandem
504 1671 547 1736 ab
570 1675 752 1751 Augustini
775 1673 875 1736 domo
899 1673 1074 1750 digressus
1097 1672 1140 1735 ad
1155 1674 1308 1736 eamdem
1326 1671 1425 1748 redit,

199 1801 217 1842 s
233 1799 329 1843 nunc
343 1799 479 1862 quoque
495 1784 610 1844 tecum
625 1782 918 1860 peregrinaturus,
936 1784 974 1843 ut
988 1779 1117 1842 reor².r

238 1889 303 1952 Hic
318 1887 426 1952 codex
438 1903 614 1968 nunquam
629 1888 711 1950 satis
723 1887 935 1950 desideratus
949 1891 982 1950 et
996 1887 1088 1950 haud
1102 1887 1205 1950 dubie
1221 1888 1428 1950 scholiorum

196 1998 576 2077 secretissimarumque
598 1997 845 2060 sententiarum
867 1996 903 2057 in
923 1996 1076 2073 margine
1096 1996 1229 2076 plenus,
1246 1996 1300 2058 his
1320 1997 1427 2073 signis

195 2105 338 2182 agnosci
356 2105 475 2184 possit.
494 2104 678 2180 Pugillaris
690 2106 753 2177 est,
770 2106 808 2164 ut
828 2102 936 2165 uerbo
958 2105 1135 2166 Petrarcae
1154 2104 1262 2184 ipsius
1278 2106 1426 2176 utamur,

195 2212 444 2292 perexiguique
473 2210 669 2290 uoluminis,
692 2213 726 2272 et
750 2212 787 2272 in
815 2211 1004 2291 primaeui
1032 2211 1184 2275 secunda
1211 2212 1336 2292 pagina
1359 2209 1426 2270 duo

195 2335 326 2382 uersus
340 2317 443 2382 habet
456 2319 491 2380 in
506 2317 657 2381 cadendo
673 2321 905 2382 consonantes
922 2336 928 2379 :

404 2509 490 2558 Hunc
502 2505 577 2558 celer
591 2507 629 2558 ad
644 2507 757 2558 fontem
771 2507 890 2558 deserta
905 2519 956 2571 per
969 2505 1051 2558 arida
1063 2509 1177 2572 pergat,

401 2596 541 2660 Quisquis
556 2601 623 2660 eget
635 2596 765 2648 lacrimis
779 2595 888 2660 quibus
902 2595 994 2661 impia
1008 2595 1133 2647 crimine
1150 2596 1270 2660 tergatss.

195 2740 386 2804 Bandinius
406 2740 545 2823 quidem
568 2743 837 2805 Laurentianum
857 2742 1009 2804 codicem
1025 2741 1156 2803 saeculi
1171 2741 1247 2802 XIV
1262 2741 1427 2804 demons-

196 2851 276 2927 trat,
300 2849 438 2912 anobis
458 2867 527 2912 non
547 2849 763 2930 adspectum,
783 2867 860 2912 cum
881 2853 1155 2925 confessionibus
1174 2851 1270 2910 narie
1288 2849 1427 2911 Petrum

196 2973 303 3036 opera
325 2957 557 3018 continentem
581 2956 684 3038 (inter
707 2975 795 3038 qnae
819 2958 958 3021 Ioannis
976 2956 1208 3038 Chrysostomi
1230 2954 1353 3017 librum
1378 2962 1426 3020 De

195 3067 421 3140 reparatione
435 3067 546 3148 tunsi),
565 3067 665 3128 ouius
679 3067 715 3126 in
734 3066 901 3145 principio
917 3065 1087 3127 distichon
1106 3063 1247 3142 legitur⁴
1262 3065 1391 3144 quique
1407 3083 1426 3127 e

196 3174 377 3235 Petrarcae
397 3172 629 3235 amicorumue
649 3170 900 3251 exemplaribus
924 3173 1056 3234 uidetur
1074 3171 1279 3236 nranauisse.
1300 3172 1425 3233 Poetae

198 3284 314 3342 autem
331 3281 440 3342 nostri
464 3280 572 3343 codex
592 3281 741 3342 nuncin
769 3279 987 3342 bibliothecis
1011 3279 1100 3340 inter
1121 3282 1173 3341 tot
1194 3279 1425 3356 uulgatissimi

197 3388 313 3467 operis
337 3388 544 3467 exemplaria
567 3388 661 3462 latet,
682 3405 751 3450 non
773 3390 846 3450 siue
866 3388 1092 3449 litteratorum
1112 3387 1234 3467 plausu
1255 3387 1295 3448 in·
1312 3387 1424 3448 lucem

197 3493 385 3556 eruendus.

241 3687 501 3758 Confessionnnt
522 3684 707 3760 Augustini
730 3681 900 3745 defectum
919 3681 1085 3743 nonnulla
1109 3680 1230 3742 saltem
1250 3678 1340 3760 apud
1361 3698 1424 3744 uos

197 3791 355 3854 eiusdem
373 3809 483 3854 uenae
503 3808 607 3872 opera
626 3791 796 3871 supplent.
814 3789 971 3852 Codicem
992 3791 1148 3852 Ciuitatis
1167 3795 1228 3852 Dei
1247 3790 1283 3850 in
1297 3787 1424 3851 biblio-

229 4053 252 4102 1.
272 4051 309 4101 Gi.
325 4053 411 4111 Furn,
428 4050 456 4112 V,
471 4051 495 4111 3,
511 4055 534 4100 cl
550 4052 609 4099 Rer.
623 4065 697 4099 namn.
715 4049 755 4113 lv,
769 4047 785 4097 ‘l
799 4049 856 4112 (Op.
874 4047 938 4112 486).

228 4143 253 4194 2.
271 4143 331 4192 Sen.
342 4141 388 4190 XV
398 4141 483 4205 (XIV),
495 4142 523 4202 73
536 4140 583 4204 Op.
594 4140 649 4189 939.
662 4141 698 4189 De
712 4139 830 4200 Messius,
847 4154 871 4188 v.
882 4137 1222 4202 Vorur,Wiedei·belebnnp,
1235 4137 1276 4189 ed.
1289 4153 1364 4200 noue,
1375 4143 1392 4189 t.
1404 4140 1424 4200 l,

194 4249 221 4296 p.
239 4231 358 4292 191-194,
372 4235 397 4280 et
409 4231 517 4280 ultimam
534 4230 693 4293 epistularum
706 4230 768 4280 Sine
784 4227 863 4278 titulo
878 4228 938 4292 (Op.
953 4227 1018 4290 732),
1038 4243 1100 4291 quae
1115 4227 1268 4277 hauddubie
1283 4227 1341 4276 huic
1355 4229 1425 4278 altri-

195 4321 299 4372 buends
312 4326 359 4371 est,

226 4411 251 4460 3.
267 4412 327 4464 Sea.
344 4411 405 4471 Vlll,
421 4411 437 4459 6
451 4411 508 4474 (Op.
524 4409 579 4472 840)
598 4426 604 4460 :
621 4409 740 4458 «Poteris
753 4410 773 4458 si
788 4409 928 4472 placebit...
945 4423 1020 4458 unum
1035 4423 1065 4458 ex
1079 4409 1118 4457 his
1133 4422 1195 4470 quae
1210 4407 1267 4457 olim
1282 4406 1354 4456 libris
1370 4409 1424 4470 ipss

194 4523 207 4548 «ι
225 4501 288 4551 meis
302 4501 448 4550 scholastica
469 4499 611 4549 curiositate
628 4500 798 4562 praescribere
814 4500 931 4559 solebam,
947 4514 1027 4548 meum
1041 4498 1166 4547 distichon
1182 4499 1207 4546 in
1222 4497 1356 4561 primordio
1371 4498 1424 4546 cius

194 4613 207 4638 α
226 4590 305 4655 [libri]
322 4604 475 4653 apponere.»
491 4589 630 4652 Sequuntur
645 4602 741 4636 uersus.
755 4615 787 4624 -
804 4589 862 4636 Tria
877 4588 949 4637 huius
966 4589 1063 4652 generis
1083 4588 1189 4636 disticha
1203 4589 1228 4636 in
1242 4587 1327 4636 codice
1341 4587 1426 4649 Vergi-

194 4679 264 4730 liano
279 4679 343 4729 Bibl.
359 4678 539 4728 Ambrosiunae
554 4679 668 4740 leguntur
681 4678 716 4742 (v.
733 4679 764 4726 P.
778 4679 805 4727 et
821 4677 926 4737 illum,
942 4692 967 4741 p.
983 4677 1038 4736 119,
1054 4682 1158 4728 correct.
1168 4691 1195 4740 p.
1209 4676 1275 4741 426).

228 4770 252 4818 4.
273 4769 333 4818 Cui:
346 4768 414 4819 Bibl.
431 4769 520 4825 Lanu,
535 4771 554 4818 t.
572 4767 592 4830 l,
608 4783 631 4829 p.
648 4767 686 4815 27.
708 4767 788 4815 Codex
811 4767 878 4816 Ptnt.
896 4767 951 4824 llll,
969 4771 1002 4816 23
1020 4768 1137 4830 signetur.
1157 4766 1292 4815 Bendinius
1311 4781 1425 4815 uersuum

195 4862 324 4908 auctorem
340 4873 388 4906 non
404 4859 526 4922 cognouit.
