3668 5700
391 505 431 567 tu
668 519 711 563 or
730 515 937 564 soarrrouvu
959 514 1053 562 unou
1074 511 1152 560 savr
1173 513 1341 559 oonroravs

391 663 433 729 (F.
444 664 488 726 16;
502 675 530 728 p.
539 663 589 726 78).
605 661 677 714 Cum
695 659 793 712 meari
810 657 988 724 temporales
1000 657 1075 709 olim
1090 657 1196 720 uolup

423 764 499 814 tates
511 739 676 826 expeteres,
692 757 802 810 crebris
820 769 868 808 me
883 755 1020 820 epistolis
1034 753 1193 817 uisitabas‚

423 858 573 923 frequenti
596 856 730 908 carmine
754 860 836 907 tuam
859 854 891 906 in
917 867 968 906 ore
988 853 1123 904 omnium
1139 849 1195 903 ile·

340 1001 344 1008 .
421 958 535 1022 logsam
550 955 694 1020 ponebas;
710 965 758 1004 me
770 953 885 1018 plateae
898 965 1014 1015 omnes,
1025 963 1072 1002 me
1088 947 1195 1000 domus

422 1057 557 1122 singulae
572 1055 759 1109 resonabant.

1248 795 1416 854 Feminea.

499 1267 609 1322 brlsr.
627 1268 661 1330 V,
687 1267 792 1320 rnrffl
809 1267 861 1318 Ab
878 1265 1085 1318 HELOYSAM.

391 1438 432 1498 (F.
448 1438 504 1503 21¹3
520 1449 547 1501 p.
563 1438 614 1500 95).
630 1436 812 1489 Pretiosos..
827 1434 936 1498 cultus,
951 1445 1070 1498 quem...
1088 1433 1194 1484 beatus

422 1535 579 1600 Gregorius
594 1535 664 1587 inde
677 1533 831 1586 conuinclt
846 1551 852 1586 :
872 1531 978 1594 «Quod
993 1544 1083 1584 nemo
1096 1531 1145 1583 his
1160 1531 1192 1582 in
1246 1515 1372 1575 Seneca
1385 1515 1495 1588 prius.

422 1631 537 1686 occulto
551 1645 583 1684 se
597 1635 693 1695 omat,
710 1631 761 1684 sed
776 1631 828 1682 ubi
842 1630 973 1695 conspici
987 1633 1109 1695 queat.»

392 1732 433 1794 (li.
445 1732 502 1795 22¹3
518 1743 545 1796 p.
560 1733 611 1793 96).
632 1733 752 1782 Certum
765 1729 876 1795 quippe
890 1729 946 1780 tibi
962 1727 1102 1792 estquod
1117 1726 1196 1790 quis-

422 1829 491 1894 quis
508 1829 547 1881 ab
560 1828 616 1880 hau
630 1827 695 1880 uita
710 1839 758 1881 me
772 1827 892 1892 liberet,
906 1839 924 1878 a
938 1827 1078 1878 maximis
1093 1826 1195 1891 poenis
1247 1839 1325 1898 Non
1335 1833 1546 1909 gygegeyamer
1555 1837 1621 1906 ais,

422 1931 514 1978 eruet.
530 1927 609 1988 Quas
623 1929 725 1991 postea
742 1925 891 1976 incurram
909 1924 1127 1988 incertumst,
1144 1923 1195 1976 sed
1290 1933 1399 1994 petre,

420 2037 437 2076 a
454 2023 577 2088 quantis
591 2023 732 2075 absoluar
749 2021 873 2074 dubium
887 2026 1016 2074 nonest.

391 2124 434 2188 (F.
448 2123 493 2186 23;
509 2124 595 2188 ΜΒ).
609 2121 750 2186 Nunquid
765 2121 791 2172 si
806 2121 837 2172 id
849 2120 922 2172 mibi
934 2120 1011 2171 iuste
1025 2119 1193 2184 accidisset,
1247 2121 1622 2183 Acceditswvatggres.

422 2221 608 2274 tolerabilius
624 2221 715 2274 ierres
729 2225 759 2272 et
774 2219 875 2271 minus
890 2224 919 2270 te
934 2218 1127 2272 offendereti,
1137 2257 1158 2269 ..
1284 2233 1441 2294 pomum,

453 2337 524 2389 Tam
550 2337 629 2390 iuste
652 2348 741 2401 quam
765 2335 877 2388 utiliter
904 2336 934 2388 id
960 2335 1194 2387 monstrabimus
1254 2333 1308 2391 Vel
1322 2330 1623 2400 iratuS‚uelttaIde

420 2434 508 2487 nobis
522 2433 665 2486 accidisse
687 2437 718 2486 et
737 2433 846 2486 rectius
865 2434 898 2484 in
916 2433 1089 2498 coniugales
1103 2444 1193 2497 quam
1287 2427 1511 2501 compunctus
1566 2440 1618 2494 eS,

423 2530 454 2582 in
466 2531 647 2584 tornicantes
662 2531 759 2583 ultum
774 2533 868 2583 Deum
887 2530 989 2582 luisse.
1288 2524 1401 2586 Pelre.

1247 2661 1378 2732 itaque,
1400 2661 1438 2718 rti
1451 2659 1571 2729 failor,
1589 2656 1621 2716 et

1287 2759 1387 2818 scalde
1425 2759 1621 2816 misericor-

1287 2853 1620 2922 diteracittmestssut

1286 2966 1324 3028 eo
1371 2952 1482 3012 iecore
1527 2965 1621 3013 rzeoeu

1282 3053 1386 3123 prius
1424 3051 1621 3111 uoluntaria

1286 3147 1403 3209 iuncta
1430 3148 1529 3221 esset,
1556 3162 1619 3222 qrco

1282 3247 1361 3322 post
1371 3247 1403 3308 te
1415 3249 1552 3308 demum
1566 3251 1621 3307 act

1287 3346 1397 3407 truita
1421 3345 1620 3408 traheretur

1285 3446 1436 3518 Heiorsa
1455 3445 1528 3515 trra,
1551 3447 1617 3504 Pe-

1286 3542 1349 3603 tre.

392 2826 488 2890 (Min
510 2837 538 2892 p.
554 2826 619 2890 llil).
646 2824 675 2876 Si
697 2825 779 2877 enim
801 2825 876 2878 mibi
899 2829 989 2877 antea
1006 2822 1193 2876 matrimonio

422 2937 483 2975 non
507 2935 589 2976 esses
613 2923 758 2986 copulata,
784 2921 870 2974 lacile
893 2921 924 2972 in
947 2921 1083 2974 discessu
1098 2933 1193 2974 meoa

422 3021 530 3083 seculo,
555 3020 604 3074 uel
622 3020 815 3086 suggestione
829 3025 996 3086 parentum,
1018 3019 1068 3072 uel
1087 3032 1192 3072 carna-

343 3101 346 3106 ’
421 3121 497 3173 lium
511 3118 707 3172 oblectatione
729 3119 928 3183 uoluptatum,
955 3116 1071 3170 saeculo
1086 3118 1192 3171 inhae-

421 3219 522 3272 sisses.
552 3216 625 3270 Vide
652 3229 720 3280 ergo
752 3221 898 3282 quantum
924 3214 1071 3268 sollicitus
1099 3216 1193 3268 nostri

421 3317 510 3370 luerit
525 3315 681 3380 Dominus,
695 3314 781 3380 quasi
795 3315 832 3368 ad
857 3327 983 3378 magnos
1004 3313 1121 3379 aliquos
1137 3327 1193 3366 nos

421 3419 709 3468 reseruaretusus..

430 3737 494 3801 Hie
511 3736 635 3802 desinit
659 3736 845 3810 adnotatio
873 3753 1069 3817 quanquam
1087 3736 1123 3798 in
1147 3733 1215 3798 fine
1237 3735 1404 3816 epistulae
1421 3735 1450 3797 V
1473 3737 1507 3797 et
1522 3733 1559 3796 in
1573 3733 1618 3796 VI

391 3839 516 3908 manus
537 3844 710 3908 Francisci
738 3844 841 3907 etiam
869 3844 1073 3926 quandoque
1096 3841 1264 3925 apperet¹.
1292 3845 1334 3906 At
1361 3844 1438 3924 quis
1457 3843 1525 3906 lam
1549 3859 1618 3904 non

392 3951 556 4033 percipiat
571 3969 638 4034 qua
654 3950 895 4015 beneuolentia
910 3955 1064 4015 amantes
1088 3951 1301 4015 Parisienses
1317 3955 1418 4032 poeta
1433 3952 1550 4014 noster
1565 3967 1618 4012 ao·

392 4061 539 4140 ceperit?
553 4060 630 4121 Iure
648 4059 739 4122 euim
754 4059 892 4121 illorum
902 4059 1095 4122 animorum
1110 4062 1183 4120 tum
1198 4057 1264 4122 fide
1280 4057 1406 4131 diuina,
1416 4045 1489 4122 tum
1499 4057 1618 4123 huma-

392 4167 445 4229 nis
465 4165 713 4247 cupiditatibus
737 4166 955 4244 flagrantium
971 4164 1229 4228 similitudinem
1245 4183 1323 4228 eum
1339 4183 1401 4228 suo
1420 4183 1459 4229 ao
1483 4165 1617 4246 proprio

391 4274 687 4337 animaduerterat.
714 4272 882 4335 Nimirum
906 4272 1051 4335 historia
1076 4273 1301 4352 epistularum
1327 4272 1427 4336 modo
1447 4277 1614 4344 enarrata,

390 4384 460 4443 tam
475 4378 600 4443 flebilis
614 4382 823 4460 peccatoque
846 4396 885 4441 ae
911 4379 1120 4459 paenitentia
1134 4380 1340 4453 intermixta,
1358 4396 1465 4443 eausa
1478 4377 1543 4442 fuit
1557 4395 1618 4441 our

424 4638 446 4690 1.
462 4639 506 4687 Er.
524 4651 572 4702 gn,
587 4639 698 4702 agnoscit
715 4639 874 4698 Franeiscus,
899 4636 924 4686 in
946 4638 1027 4687 medis
1045 4638 1179 4688 abaelardi
1206 4639 1317 4689 oratione
1337 4652 1423 4688 uersus
1438 4653 1468 4687 ex
1488 4637 1551 4688 libro
1563 4637 1617 4687 VIII

391 4717 491 4778 Lucani.
505 4727 532 4776 Io
547 4725 620 4791 epist.
637 4727 677 4788 vi,
694 4727 799 4792 Heloyss
809 4727 889 4778 locum
903 4725 960 4776 libri
976 4727 1007 4776 de
1021 4726 1086 4778 Arte
1098 4729 1209 4779 amandi
1223 4729 1352 4788 referente,
1368 4727 1394 4776 in
1409 4727 1518 4791 margine
1530 4728 1617 4778 scribit

392 4821 484 4868 lentum
504 4817 531 4868 V·
546 4817 702 4881 (=uersus).
